%YAML 1.1
%TAG !u! tag:unity3d.com,2011:
--- !u!1 &73443950392657
GameObject:
  m_ObjectHideFlags: 0
  m_CorrespondingSourceObject: {fileID: 0}
  m_PrefabInstance: {fileID: 0}
  m_PrefabAsset: {fileID: 0}
  serializedVersion: 6
  m_Component:
  - component: {fileID: 636026938909848485}
  - component: {fileID: 3596268914082823088}
  m_Layer: 0
  m_Name: Z_L_LegThigh
  m_TagString: Untagged
  m_Icon: {fileID: 0}
  m_NavMeshLayer: 0
  m_StaticEditorFlags: 0
  m_IsActive: 1
--- !u!4 &636026938909848485
Transform:
  m_ObjectHideFlags: 0
  m_CorrespondingSourceObject: {fileID: 0}
  m_PrefabInstance: {fileID: 0}
  m_PrefabAsset: {fileID: 0}
  m_GameObject: {fileID: 73443950392657}
  m_LocalRotation: {x: -0.7071068, y: 0, z: -0, w: 0.7071068}
  m_LocalPosition: {x: -0, y: 0, z: 0}
  m_LocalScale: {x: 1, y: 1, z: 1}
  m_Children: []
  m_Father: {fileID: 1032798533320799880}
  m_RootOrder: 8
  m_LocalEulerAnglesHint: {x: 0, y: 0, z: 0}
--- !u!137 &3596268914082823088
SkinnedMeshRenderer:
  m_ObjectHideFlags: 0
  m_CorrespondingSourceObject: {fileID: 0}
  m_PrefabInstance: {fileID: 0}
  m_PrefabAsset: {fileID: 0}
  m_GameObject: {fileID: 73443950392657}
  m_Enabled: 1
  m_CastShadows: 1
  m_ReceiveShadows: 1
  m_DynamicOccludee: 1
  m_MotionVectors: 1
  m_LightProbeUsage: 1
  m_ReflectionProbeUsage: 1
  m_RayTracingMode: 3
  m_RayTraceProcedural: 0
  m_RenderingLayerMask: 1
  m_RendererPriority: 0
  m_Materials:
  - {fileID: 2100000, guid: 9fdb5531bdf185e448dd06dfa8192f8d, type: 2}
  m_StaticBatchInfo:
    firstSubMesh: 0
    subMeshCount: 0
  m_StaticBatchRoot: {fileID: 0}
  m_ProbeAnchor: {fileID: 0}
  m_LightProbeVolumeOverride: {fileID: 0}
  m_ScaleInLightmap: 1
  m_ReceiveGI: 1
  m_PreserveUVs: 0
  m_IgnoreNormalsForChartDetection: 0
  m_ImportantGI: 0
  m_StitchLightmapSeams: 1
  m_SelectedEditorRenderState: 3
  m_MinimumChartSize: 4
  m_AutoUVMaxDistance: 0.5
  m_AutoUVMaxAngle: 89
  m_LightmapParameters: {fileID: 0}
  m_SortingLayerID: 0
  m_SortingLayer: 0
  m_SortingOrder: 0
  serializedVersion: 2
  m_Quality: 0
  m_UpdateWhenOffscreen: 0
  m_SkinnedMotionVectors: 1
  m_Mesh: {fileID: 8116261946115240546, guid: 8f7380da49034cd488ddff94b1ac35d1, type: 3}
  m_Bones:
  - {fileID: 6530459860777581757}
  - {fileID: 3217662065872440883}
  - {fileID: 6028324128945978335}
  - {fileID: 3144766333245535241}
  m_BlendShapeWeights: []
  m_RootBone: {fileID: 3217662065872440883}
  m_AABB:
    m_Center: {x: 0.22870532, y: 0.049779415, z: 0.11656566}
    m_Extent: {x: 0.22552583, y: 0.112586156, z: 0.12030201}
  m_DirtyAABB: 0
--- !u!1 &272466827898071004
GameObject:
  m_ObjectHideFlags: 0
  m_CorrespondingSourceObject: {fileID: 0}
  m_PrefabInstance: {fileID: 0}
  m_PrefabAsset: {fileID: 0}
  serializedVersion: 6
  m_Component:
  - component: {fileID: 6946188072007804758}
  m_Layer: 0
  m_Name: Base HumanLArmDigit22
  m_TagString: Untagged
  m_Icon: {fileID: 0}
  m_NavMeshLayer: 0
  m_StaticEditorFlags: 0
  m_IsActive: 1
--- !u!4 &6946188072007804758
Transform:
  m_ObjectHideFlags: 0
  m_CorrespondingSourceObject: {fileID: 0}
  m_PrefabInstance: {fileID: 0}
  m_PrefabAsset: {fileID: 0}
  m_GameObject: {fileID: 272466827898071004}
  m_LocalRotation: {x: -0.0008812291, y: -0.0047854553, z: 0.23428859, w: 0.9721549}
  m_LocalPosition: {x: -0.02699459, y: 0.000000076293944, z: 0}
  m_LocalScale: {x: 0.9999977, y: 1.0000013, z: 1.0000012}
  m_Children:
  - {fileID: 7476699355417774851}
  m_Father: {fileID: 3732256034600609142}
  m_RootOrder: 0
  m_LocalEulerAnglesHint: {x: 0, y: 0, z: 0}
--- !u!1 &302650806798796425
GameObject:
  m_ObjectHideFlags: 0
  m_CorrespondingSourceObject: {fileID: 0}
  m_PrefabInstance: {fileID: 0}
  m_PrefabAsset: {fileID: 0}
  serializedVersion: 6
  m_Component:
  - component: {fileID: 4122855238226353655}
  m_Layer: 0
  m_Name: Base HumanRArmDigit33
  m_TagString: Untagged
  m_Icon: {fileID: 0}
  m_NavMeshLayer: 0
  m_StaticEditorFlags: 0
  m_IsActive: 1
--- !u!4 &4122855238226353655
Transform:
  m_ObjectHideFlags: 0
  m_CorrespondingSourceObject: {fileID: 0}
  m_PrefabInstance: {fileID: 0}
  m_PrefabAsset: {fileID: 0}
  m_GameObject: {fileID: 302650806798796425}
  m_LocalRotation: {x: -0.0000009821674, y: -0.00000042404415, z: 0.15353246, w: 0.9881436}
  m_LocalPosition: {x: -0.019190902, y: 0, z: -0.000000038146972}
  m_LocalScale: {x: 0.9999962, y: 1.0000037, z: 0.9999999}
  m_Children: []
  m_Father: {fileID: 9001486382699449451}
  m_RootOrder: 0
  m_LocalEulerAnglesHint: {x: 0, y: 0, z: 0}
--- !u!1 &304268468603750438
GameObject:
  m_ObjectHideFlags: 0
  m_CorrespondingSourceObject: {fileID: 0}
  m_PrefabInstance: {fileID: 0}
  m_PrefabAsset: {fileID: 0}
  serializedVersion: 6
  m_Component:
  - component: {fileID: 315398904282786018}
  m_Layer: 0
  m_Name: Base HumanRArmDigit31
  m_TagString: Untagged
  m_Icon: {fileID: 0}
  m_NavMeshLayer: 0
  m_StaticEditorFlags: 0
  m_IsActive: 1
--- !u!4 &315398904282786018
Transform:
  m_ObjectHideFlags: 0
  m_CorrespondingSourceObject: {fileID: 0}
  m_PrefabInstance: {fileID: 0}
  m_PrefabAsset: {fileID: 0}
  m_GameObject: {fileID: 304268468603750438}
  m_LocalRotation: {x: 0.00000084554426, y: -0.000001060438, z: -0.16974749, w: 0.98548764}
  m_LocalPosition: {x: -0.13412136, y: 0.00000022888183, z: -0.015468139}
  m_LocalScale: {x: 1.0000011, y: 0.999999, z: 0.9999999}
  m_Children:
  - {fileID: 9001486382699449451}
  m_Father: {fileID: 7684135206653501305}
  m_RootOrder: 2
  m_LocalEulerAnglesHint: {x: 0, y: 0, z: 0}
--- !u!1 &324658883025464134
GameObject:
  m_ObjectHideFlags: 0
  m_CorrespondingSourceObject: {fileID: 0}
  m_PrefabInstance: {fileID: 0}
  m_PrefabAsset: {fileID: 0}
  serializedVersion: 6
  m_Component:
  - component: {fileID: 4202558646758238604}
  m_Layer: 0
  m_Name: Base HumanRArmDigit53
  m_TagString: Untagged
  m_Icon: {fileID: 0}
  m_NavMeshLayer: 0
  m_StaticEditorFlags: 0
  m_IsActive: 1
--- !u!4 &4202558646758238604
Transform:
  m_ObjectHideFlags: 0
  m_CorrespondingSourceObject: {fileID: 0}
  m_PrefabInstance: {fileID: 0}
  m_PrefabAsset: {fileID: 0}
  m_GameObject: {fileID: 324658883025464134}
  m_LocalRotation: {x: 0.0030267246, y: 0.012583135, z: 0.22767246, w: 0.97365177}
  m_LocalPosition: {x: -0.020229721, y: 0.000000076293944, z: 0}
  m_LocalScale: {x: 0.9999974, y: 1.0000006, z: 1.0000019}
  m_Children: []
  m_Father: {fileID: 327351128552829358}
  m_RootOrder: 0
  m_LocalEulerAnglesHint: {x: 0, y: 0, z: 0}
--- !u!1 &808840154684016393
GameObject:
  m_ObjectHideFlags: 0
  m_CorrespondingSourceObject: {fileID: 0}
  m_PrefabInstance: {fileID: 0}
  m_PrefabAsset: {fileID: 0}
  serializedVersion: 6
  m_Component:
  - component: {fileID: 2651375026656622143}
  m_Layer: 0
  m_Name: Base HumanLArmCollarbone
  m_TagString: Untagged
  m_Icon: {fileID: 0}
  m_NavMeshLayer: 0
  m_StaticEditorFlags: 0
  m_IsActive: 1
--- !u!4 &2651375026656622143
Transform:
  m_ObjectHideFlags: 0
  m_CorrespondingSourceObject: {fileID: 0}
  m_PrefabInstance: {fileID: 0}
  m_PrefabAsset: {fileID: 0}
  m_GameObject: {fileID: 808840154684016393}
  m_LocalRotation: {x: 0.04881454, y: 0.7679337, z: 0.21692552, w: 0.60069823}
  m_LocalPosition: {x: 0.0231958, y: 0.01933693, z: 0.05392591}
  m_LocalScale: {x: 1, y: 1, z: 1}
  m_Children:
  - {fileID: 5131940712406500081}
  m_Father: {fileID: 5848546110084850318}
  m_RootOrder: 0
  m_LocalEulerAnglesHint: {x: 0, y: 0, z: 0}
--- !u!1 &969498378954822051
GameObject:
  m_ObjectHideFlags: 0
  m_CorrespondingSourceObject: {fileID: 0}
  m_PrefabInstance: {fileID: 0}
  m_PrefabAsset: {fileID: 0}
  serializedVersion: 6
  m_Component:
  - component: {fileID: 5441428186677700826}
  m_Layer: 0
  m_Name: Base HumanLArmDigit32
  m_TagString: Untagged
  m_Icon: {fileID: 0}
  m_NavMeshLayer: 0
  m_StaticEditorFlags: 0
  m_IsActive: 1
--- !u!4 &5441428186677700826
Transform:
  m_ObjectHideFlags: 0
  m_CorrespondingSourceObject: {fileID: 0}
  m_PrefabInstance: {fileID: 0}
  m_PrefabAsset: {fileID: 0}
  m_GameObject: {fileID: 969498378954822051}
  m_LocalRotation: {x: -0.00000013432062, y: -0.0000011225727, z: 0.43306985, w: 0.9013604}
  m_LocalPosition: {x: -0.04323059, y: -0.000000076293944, z: -0.000000076293944}
  m_LocalScale: {x: 1.0000021, y: 0.99999785, z: 1}
  m_Children:
  - {fileID: 6866290158028837888}
  m_Father: {fileID: 7578666681768740045}
  m_RootOrder: 0
  m_LocalEulerAnglesHint: {x: 0, y: 0, z: 0}
--- !u!1 &984153919799457426
GameObject:
  m_ObjectHideFlags: 0
  m_CorrespondingSourceObject: {fileID: 0}
  m_PrefabInstance: {fileID: 0}
  m_PrefabAsset: {fileID: 0}
  serializedVersion: 6
  m_Component:
  - component: {fileID: 935494402442550653}
  m_Layer: 0
  m_Name: Base HumanLArmDigit11
  m_TagString: Untagged
  m_Icon: {fileID: 0}
  m_NavMeshLayer: 0
  m_StaticEditorFlags: 0
  m_IsActive: 1
--- !u!4 &935494402442550653
Transform:
  m_ObjectHideFlags: 0
  m_CorrespondingSourceObject: {fileID: 0}
  m_PrefabInstance: {fileID: 0}
  m_PrefabAsset: {fileID: 0}
  m_GameObject: {fileID: 984153919799457426}
  m_LocalRotation: {x: 0.078670815, y: 0.3154505, z: 0.21041408, w: 0.92196953}
  m_LocalPosition: {x: -0.050257567, y: -0.021261368, z: 0.039970398}
  m_LocalScale: {x: 0.99999934, y: 0.99999875, z: 1.000002}
  m_Children:
  - {fileID: 7756812575436940293}
  m_Father: {fileID: 3790065280102334561}
  m_RootOrder: 0
  m_LocalEulerAnglesHint: {x: 0, y: 0, z: 0}
--- !u!1 &1015652442495426068
GameObject:
  m_ObjectHideFlags: 0
  m_CorrespondingSourceObject: {fileID: 0}
  m_PrefabInstance: {fileID: 0}
  m_PrefabAsset: {fileID: 0}
  serializedVersion: 6
  m_Component:
  - component: {fileID: 2724534664846996322}
  m_Layer: 0
  m_Name: Base HumanRFoot
  m_TagString: Untagged
  m_Icon: {fileID: 0}
  m_NavMeshLayer: 0
  m_StaticEditorFlags: 0
  m_IsActive: 1
--- !u!4 &2724534664846996322
Transform:
  m_ObjectHideFlags: 0
  m_CorrespondingSourceObject: {fileID: 0}
  m_PrefabInstance: {fileID: 0}
  m_PrefabAsset: {fileID: 0}
  m_GameObject: {fileID: 1015652442495426068}
  m_LocalRotation: {x: 0.108548515, y: -0.01536878, z: -0.69668067, w: 0.70895493}
  m_LocalPosition: {x: -0.43699226, y: -0.000000009536743, z: 0}
  m_LocalScale: {x: 0.9999999, y: 0.9999998, z: 0.99999976}
  m_Children:
  - {fileID: 2409150403390101174}
  m_Father: {fileID: 2544980881030580269}
  m_RootOrder: 0
  m_LocalEulerAnglesHint: {x: 0, y: 0, z: 0}
--- !u!1 &1128907465481152796
GameObject:
  m_ObjectHideFlags: 0
  m_CorrespondingSourceObject: {fileID: 0}
  m_PrefabInstance: {fileID: 0}
  m_PrefabAsset: {fileID: 0}
  serializedVersion: 6
  m_Component:
  - component: {fileID: 3144766333245535241}
  m_Layer: 0
  m_Name: Base HumanLLegCalf
  m_TagString: Untagged
  m_Icon: {fileID: 0}
  m_NavMeshLayer: 0
  m_StaticEditorFlags: 0
  m_IsActive: 1
--- !u!4 &3144766333245535241
Transform:
  m_ObjectHideFlags: 0
  m_CorrespondingSourceObject: {fileID: 0}
  m_PrefabInstance: {fileID: 0}
  m_PrefabAsset: {fileID: 0}
  m_GameObject: {fileID: 1128907465481152796}
  m_LocalRotation: {x: -0.01670589, y: 0.002101762, z: 0.10490468, w: 0.99433976}
  m_LocalPosition: {x: -0.39293933, y: -0.0000016975403, z: 0.0000003814697}
  m_LocalScale: {x: 1.0000001, y: 1.0000001, z: 0.99999994}
  m_Children:
  - {fileID: 2296112533597567956}
  m_Father: {fileID: 6530459860777581757}
  m_RootOrder: 0
  m_LocalEulerAnglesHint: {x: 0, y: 0, z: 0}
--- !u!1 &1286314067761209397
GameObject:
  m_ObjectHideFlags: 0
  m_CorrespondingSourceObject: {fileID: 0}
  m_PrefabInstance: {fileID: 0}
  m_PrefabAsset: {fileID: 0}
  serializedVersion: 6
  m_Component:
  - component: {fileID: 6530459860777581757}
  m_Layer: 0
  m_Name: Base HumanLLegThigh
  m_TagString: Untagged
  m_Icon: {fileID: 0}
  m_NavMeshLayer: 0
  m_StaticEditorFlags: 0
  m_IsActive: 1
--- !u!4 &6530459860777581757
Transform:
  m_ObjectHideFlags: 0
  m_CorrespondingSourceObject: {fileID: 0}
  m_PrefabInstance: {fileID: 0}
  m_PrefabAsset: {fileID: 0}
  m_GameObject: {fileID: 1286314067761209397}
  m_LocalRotation: {x: 0.007797423, y: 0.9974131, z: -0.0073700184, w: 0.07107759}
  m_LocalPosition: {x: -0.016426772, y: 0.04478738, z: 0.08392096}
  m_LocalScale: {x: 1, y: 1, z: 1}
  m_Children:
  - {fileID: 3144766333245535241}
  m_Father: {fileID: 3217662065872440883}
  m_RootOrder: 0
  m_LocalEulerAnglesHint: {x: 0, y: 0, z: 0}
--- !u!1 &1304707738718830793
GameObject:
  m_ObjectHideFlags: 0
  m_CorrespondingSourceObject: {fileID: 0}
  m_PrefabInstance: {fileID: 0}
  m_PrefabAsset: {fileID: 0}
  serializedVersion: 6
  m_Component:
  - component: {fileID: 8698621622195394673}
  m_Layer: 0
  m_Name: Base HumanRArmDigit41
  m_TagString: Untagged
  m_Icon: {fileID: 0}
  m_NavMeshLayer: 0
  m_StaticEditorFlags: 0
  m_IsActive: 1
--- !u!4 &8698621622195394673
Transform:
  m_ObjectHideFlags: 0
  m_CorrespondingSourceObject: {fileID: 0}
  m_PrefabInstance: {fileID: 0}
  m_PrefabAsset: {fileID: 0}
  m_GameObject: {fileID: 1304707738718830793}
  m_LocalRotation: {x: -0.030181501, y: 0.1239646, z: -0.25285193, w: 0.95905566}
  m_LocalPosition: {x: -0.1342191, y: 0.00000015258789, z: 0.015077056}
  m_LocalScale: {x: 1.0000007, y: 0.99999815, z: 1.000001}
  m_Children:
  - {fileID: 2075012320700302513}
  m_Father: {fileID: 7684135206653501305}
  m_RootOrder: 3
  m_LocalEulerAnglesHint: {x: 0, y: 0, z: 0}
--- !u!1 &1356582815038821812
GameObject:
  m_ObjectHideFlags: 0
  m_CorrespondingSourceObject: {fileID: 0}
  m_PrefabInstance: {fileID: 0}
  m_PrefabAsset: {fileID: 0}
  serializedVersion: 6
  m_Component:
  - component: {fileID: 3534839289159003256}
  m_Layer: 0
  m_Name: Base HumanLArmForearm
  m_TagString: Untagged
  m_Icon: {fileID: 0}
  m_NavMeshLayer: 0
  m_StaticEditorFlags: 0
  m_IsActive: 1
--- !u!4 &3534839289159003256
Transform:
  m_ObjectHideFlags: 0
  m_CorrespondingSourceObject: {fileID: 0}
  m_PrefabInstance: {fileID: 0}
  m_PrefabAsset: {fileID: 0}
  m_GameObject: {fileID: 1356582815038821812}
  m_LocalRotation: {x: 0.003968454, y: -0.07920882, z: -0.28932038, w: 0.9539413}
  m_LocalPosition: {x: -0.26574132, y: 0.000000019073486, z: 0}
  m_LocalScale: {x: 1, y: 0.99999994, z: 1.0000001}
  m_Children:
  - {fileID: 3790065280102334561}
  m_Father: {fileID: 5131940712406500081}
  m_RootOrder: 0
  m_LocalEulerAnglesHint: {x: 0, y: 0, z: 0}
--- !u!1 &1382348536300057020
GameObject:
  m_ObjectHideFlags: 0
  m_CorrespondingSourceObject: {fileID: 0}
  m_PrefabInstance: {fileID: 0}
  m_PrefabAsset: {fileID: 0}
  serializedVersion: 6
  m_Component:
  - component: {fileID: 6028324128945978335}
  m_Layer: 0
  m_Name: Base HumanRThigh
  m_TagString: Untagged
  m_Icon: {fileID: 0}
  m_NavMeshLayer: 0
  m_StaticEditorFlags: 0
  m_IsActive: 1
--- !u!4 &6028324128945978335
Transform:
  m_ObjectHideFlags: 0
  m_CorrespondingSourceObject: {fileID: 0}
  m_PrefabInstance: {fileID: 0}
  m_PrefabAsset: {fileID: 0}
  m_GameObject: {fileID: 1382348536300057020}
  m_LocalRotation: {x: 0.007863269, y: 0.99740684, z: 0.0073750988, w: -0.07115773}
  m_LocalPosition: {x: -0.016426772, y: 0.04478739, z: -0.08392096}
  m_LocalScale: {x: 0.99999994, y: 1, z: 1}
  m_Children:
  - {fileID: 2544980881030580269}
  m_Father: {fileID: 3217662065872440883}
  m_RootOrder: 1
  m_LocalEulerAnglesHint: {x: 0, y: 0, z: 0}
--- !u!1 &1532406475160889936
GameObject:
  m_ObjectHideFlags: 0
  m_CorrespondingSourceObject: {fileID: 0}
  m_PrefabInstance: {fileID: 0}
  m_PrefabAsset: {fileID: 0}
  serializedVersion: 6
  m_Component:
  - component: {fileID: 5925345337039768412}
  m_Layer: 0
  m_Name: Base HumanLArmDigit43
  m_TagString: Untagged
  m_Icon: {fileID: 0}
  m_NavMeshLayer: 0
  m_StaticEditorFlags: 0
  m_IsActive: 1
--- !u!4 &5925345337039768412
Transform:
  m_ObjectHideFlags: 0
  m_CorrespondingSourceObject: {fileID: 0}
  m_PrefabInstance: {fileID: 0}
  m_PrefabAsset: {fileID: 0}
  m_GameObject: {fileID: 1532406475160889936}
  m_LocalRotation: {x: 0.0000009905959, y: -0.0000013196775, z: 0.47445786, w: 0.8802782}
  m_LocalPosition: {x: -0.023676148, y: 0, z: -0.000000076293944}
  m_LocalScale: {x: 0.9999986, y: 1.0000021, z: 0.9999991}
  m_Children: []
  m_Father: {fileID: 472899351239753054}
  m_RootOrder: 0
  m_LocalEulerAnglesHint: {x: 0, y: 0, z: 0}
--- !u!1 &1561186334023858397
GameObject:
  m_ObjectHideFlags: 0
  m_CorrespondingSourceObject: {fileID: 0}
  m_PrefabInstance: {fileID: 0}
  m_PrefabAsset: {fileID: 0}
  serializedVersion: 6
  m_Component:
  - component: {fileID: 3106978684291269927}
  m_Layer: 0
  m_Name: Base HumanLArmDigit52
  m_TagString: Untagged
  m_Icon: {fileID: 0}
  m_NavMeshLayer: 0
  m_StaticEditorFlags: 0
  m_IsActive: 1
--- !u!4 &3106978684291269927
Transform:
  m_ObjectHideFlags: 0
  m_CorrespondingSourceObject: {fileID: 0}
  m_PrefabInstance: {fileID: 0}
  m_PrefabAsset: {fileID: 0}
  m_GameObject: {fileID: 1561186334023858397}
  m_LocalRotation: {x: 0.0013689885, y: 0.011220379, z: 0.16111816, w: 0.9868704}
  m_LocalPosition: {x: -0.015028266, y: 0, z: -0.000000019073486}
  m_LocalScale: {x: 1.000003, y: 0.9999984, z: 0.99999833}
  m_Children:
  - {fileID: 5829216195077491913}
  m_Father: {fileID: 4296108813880444935}
  m_RootOrder: 0
  m_LocalEulerAnglesHint: {x: 0, y: 0, z: 0}
--- !u!1 &1911173849377613142
GameObject:
  m_ObjectHideFlags: 0
  m_CorrespondingSourceObject: {fileID: 0}
  m_PrefabInstance: {fileID: 0}
  m_PrefabAsset: {fileID: 0}
  serializedVersion: 6
  m_Component:
  - component: {fileID: 2296112533597567956}
  m_Layer: 0
  m_Name: Base HumanLLegFoot
  m_TagString: Untagged
  m_Icon: {fileID: 0}
  m_NavMeshLayer: 0
  m_StaticEditorFlags: 0
  m_IsActive: 1
--- !u!4 &2296112533597567956
Transform:
  m_ObjectHideFlags: 0
  m_CorrespondingSourceObject: {fileID: 0}
  m_PrefabInstance: {fileID: 0}
  m_PrefabAsset: {fileID: 0}
  m_GameObject: {fileID: 1911173849377613142}
  m_LocalRotation: {x: -0.10877405, y: 0.015097188, z: -0.696656, w: 0.70895046}
  m_LocalPosition: {x: -0.43700293, y: -0.000000009536743, z: 0}
  m_LocalScale: {x: 0.99999976, y: 1.0000001, z: 1.0000001}
  m_Children:
  - {fileID: 451057241268574893}
  m_Father: {fileID: 3144766333245535241}
  m_RootOrder: 0
  m_LocalEulerAnglesHint: {x: 0, y: 0, z: 0}
--- !u!1 &1914571690461930621
GameObject:
  m_ObjectHideFlags: 0
  m_CorrespondingSourceObject: {fileID: 0}
  m_PrefabInstance: {fileID: 0}
  m_PrefabAsset: {fileID: 0}
  serializedVersion: 6
  m_Component:
  - component: {fileID: 9001486382699449451}
  m_Layer: 0
  m_Name: Base HumanRArmDigit32
  m_TagString: Untagged
  m_Icon: {fileID: 0}
  m_NavMeshLayer: 0
  m_StaticEditorFlags: 0
  m_IsActive: 1
--- !u!4 &9001486382699449451
Transform:
  m_ObjectHideFlags: 0
  m_CorrespondingSourceObject: {fileID: 0}
  m_PrefabInstance: {fileID: 0}
  m_PrefabAsset: {fileID: 0}
  m_GameObject: {fileID: 1914571690461930621}
  m_LocalRotation: {x: 0.00000007339253, y: -0.0000011054362, z: 0.43306753, w: 0.90136147}
  m_LocalPosition: {x: -0.043230742, y: 0.000000076293944, z: -0.000000114440915}
  m_LocalScale: {x: 0.99999857, y: 1.0000013, z: 0.9999998}
  m_Children:
  - {fileID: 4122855238226353655}
  m_Father: {fileID: 315398904282786018}
  m_RootOrder: 0
  m_LocalEulerAnglesHint: {x: 0, y: 0, z: 0}
--- !u!1 &2056550307690706080
GameObject:
  m_ObjectHideFlags: 0
  m_CorrespondingSourceObject: {fileID: 0}
  m_PrefabInstance: {fileID: 0}
  m_PrefabAsset: {fileID: 0}
  serializedVersion: 6
  m_Component:
  - component: {fileID: 7974008192018393071}
  - component: {fileID: 5093144053676923322}
  m_Layer: 0
  m_Name: Z_R_LegThigh
  m_TagString: Untagged
  m_Icon: {fileID: 0}
  m_NavMeshLayer: 0
  m_StaticEditorFlags: 0
  m_IsActive: 1
--- !u!4 &7974008192018393071
Transform:
  m_ObjectHideFlags: 0
  m_CorrespondingSourceObject: {fileID: 0}
  m_PrefabInstance: {fileID: 0}
  m_PrefabAsset: {fileID: 0}
  m_GameObject: {fileID: 2056550307690706080}
  m_LocalRotation: {x: -0.7071068, y: 0, z: -0, w: 0.7071068}
  m_LocalPosition: {x: -0, y: 0, z: 0}
  m_LocalScale: {x: 1, y: 1, z: 1}
  m_Children: []
  m_Father: {fileID: 1032798533320799880}
  m_RootOrder: 13
  m_LocalEulerAnglesHint: {x: 0, y: 0, z: 0}
--- !u!137 &5093144053676923322
SkinnedMeshRenderer:
  m_ObjectHideFlags: 0
  m_CorrespondingSourceObject: {fileID: 0}
  m_PrefabInstance: {fileID: 0}
  m_PrefabAsset: {fileID: 0}
  m_GameObject: {fileID: 2056550307690706080}
  m_Enabled: 1
  m_CastShadows: 1
  m_ReceiveShadows: 1
  m_DynamicOccludee: 1
  m_MotionVectors: 1
  m_LightProbeUsage: 1
  m_ReflectionProbeUsage: 1
  m_RayTracingMode: 3
  m_RayTraceProcedural: 0
  m_RenderingLayerMask: 1
  m_RendererPriority: 0
  m_Materials:
  - {fileID: 2100000, guid: 9fdb5531bdf185e448dd06dfa8192f8d, type: 2}
  m_StaticBatchInfo:
    firstSubMesh: 0
    subMeshCount: 0
  m_StaticBatchRoot: {fileID: 0}
  m_ProbeAnchor: {fileID: 0}
  m_LightProbeVolumeOverride: {fileID: 0}
  m_ScaleInLightmap: 1
  m_ReceiveGI: 1
  m_PreserveUVs: 0
  m_IgnoreNormalsForChartDetection: 0
  m_ImportantGI: 0
  m_StitchLightmapSeams: 1
  m_SelectedEditorRenderState: 3
  m_MinimumChartSize: 4
  m_AutoUVMaxDistance: 0.5
  m_AutoUVMaxAngle: 89
  m_LightmapParameters: {fileID: 0}
  m_SortingLayerID: 0
  m_SortingLayer: 0
  m_SortingOrder: 0
  serializedVersion: 2
  m_Quality: 0
  m_UpdateWhenOffscreen: 0
  m_SkinnedMotionVectors: 1
  m_Mesh: {fileID: -7611227637577501361, guid: 8f7380da49034cd488ddff94b1ac35d1, type: 3}
  m_Bones:
  - {fileID: 6028324128945978335}
  - {fileID: 6530459860777581757}
  - {fileID: 3217662065872440883}
  - {fileID: 2544980881030580269}
  m_BlendShapeWeights: []
  m_RootBone: {fileID: 3217662065872440883}
  m_AABB:
    m_Center: {x: 0.22868732, y: 0.049746126, z: -0.116600156}
    m_Extent: {x: 0.22553974, y: 0.112623066, z: 0.120324135}
  m_DirtyAABB: 0
--- !u!1 &2086226540172090130
GameObject:
  m_ObjectHideFlags: 0
  m_CorrespondingSourceObject: {fileID: 0}
  m_PrefabInstance: {fileID: 0}
  m_PrefabAsset: {fileID: 0}
  serializedVersion: 6
  m_Component:
  - component: {fileID: 1925000390327486810}
  - component: {fileID: 5823135082764904556}
  m_Layer: 0
  m_Name: Z_L_Upperarm
  m_TagString: Untagged
  m_Icon: {fileID: 0}
  m_NavMeshLayer: 0
  m_StaticEditorFlags: 0
  m_IsActive: 1
--- !u!4 &1925000390327486810
Transform:
  m_ObjectHideFlags: 0
  m_CorrespondingSourceObject: {fileID: 0}
  m_PrefabInstance: {fileID: 0}
  m_PrefabAsset: {fileID: 0}
  m_GameObject: {fileID: 2086226540172090130}
  m_LocalRotation: {x: -0.7071068, y: 0, z: -0, w: 0.7071068}
  m_LocalPosition: {x: -0, y: 0, z: 0}
  m_LocalScale: {x: 1, y: 1, z: 1}
  m_Children: []
  m_Father: {fileID: 1032798533320799880}
  m_RootOrder: 9
  m_LocalEulerAnglesHint: {x: 0, y: 0, z: 0}
--- !u!137 &5823135082764904556
SkinnedMeshRenderer:
  m_ObjectHideFlags: 0
  m_CorrespondingSourceObject: {fileID: 0}
  m_PrefabInstance: {fileID: 0}
  m_PrefabAsset: {fileID: 0}
  m_GameObject: {fileID: 2086226540172090130}
  m_Enabled: 1
  m_CastShadows: 1
  m_ReceiveShadows: 1
  m_DynamicOccludee: 1
  m_MotionVectors: 1
  m_LightProbeUsage: 1
  m_ReflectionProbeUsage: 1
  m_RayTracingMode: 3
  m_RayTraceProcedural: 0
  m_RenderingLayerMask: 1
  m_RendererPriority: 0
  m_Materials:
  - {fileID: 2100000, guid: 9fdb5531bdf185e448dd06dfa8192f8d, type: 2}
  m_StaticBatchInfo:
    firstSubMesh: 0
    subMeshCount: 0
  m_StaticBatchRoot: {fileID: 0}
  m_ProbeAnchor: {fileID: 0}
  m_LightProbeVolumeOverride: {fileID: 0}
  m_ScaleInLightmap: 1
  m_ReceiveGI: 1
  m_PreserveUVs: 0
  m_IgnoreNormalsForChartDetection: 0
  m_ImportantGI: 0
  m_StitchLightmapSeams: 1
  m_SelectedEditorRenderState: 3
  m_MinimumChartSize: 4
  m_AutoUVMaxDistance: 0.5
  m_AutoUVMaxAngle: 89
  m_LightmapParameters: {fileID: 0}
  m_SortingLayerID: 0
  m_SortingLayer: 0
  m_SortingOrder: 0
  serializedVersion: 2
  m_Quality: 0
  m_UpdateWhenOffscreen: 0
  m_SkinnedMotionVectors: 1
  m_Mesh: {fileID: -6284539026627272218, guid: 8f7380da49034cd488ddff94b1ac35d1, type: 3}
  m_Bones:
  - {fileID: 2651375026656622143}
  - {fileID: 5131940712406500081}
  - {fileID: 5848546110084850318}
  - {fileID: 3534839289159003256}
  m_BlendShapeWeights: []
  m_RootBone: {fileID: 5848546110084850318}
  m_AABB:
    m_Center: {x: 0.13820803, y: -0.026854433, z: 0.25933415}
    m_Extent: {x: 0.16926742, y: 0.11703322, z: 0.18861726}
  m_DirtyAABB: 0
--- !u!1 &2178126156276248435
GameObject:
  m_ObjectHideFlags: 0
  m_CorrespondingSourceObject: {fileID: 0}
  m_PrefabInstance: {fileID: 0}
  m_PrefabAsset: {fileID: 0}
  serializedVersion: 6
  m_Component:
  - component: {fileID: 5689297099461765142}
  m_Layer: 0
  m_Name: Base HumanRArmDigit12
  m_TagString: Untagged
  m_Icon: {fileID: 0}
  m_NavMeshLayer: 0
  m_StaticEditorFlags: 0
  m_IsActive: 1
--- !u!4 &5689297099461765142
Transform:
  m_ObjectHideFlags: 0
  m_CorrespondingSourceObject: {fileID: 0}
  m_PrefabInstance: {fileID: 0}
  m_PrefabAsset: {fileID: 0}
  m_GameObject: {fileID: 2178126156276248435}
  m_LocalRotation: {x: 0.016618466, y: 0.2474277, z: -0.0053550517, w: 0.96874905}
  m_LocalPosition: {x: -0.061692465, y: 0.000000076293944, z: 0.00000015258789}
  m_LocalScale: {x: 1.0000017, y: 1.0000011, z: 0.9999974}
  m_Children: []
  m_Father: {fileID: 8704501155741275374}
  m_RootOrder: 0
  m_LocalEulerAnglesHint: {x: 0, y: 0, z: 0}
--- !u!1 &2247026795222768630
GameObject:
  m_ObjectHideFlags: 0
  m_CorrespondingSourceObject: {fileID: 0}
  m_PrefabInstance: {fileID: 0}
  m_PrefabAsset: {fileID: 0}
  serializedVersion: 6
  m_Component:
  - component: {fileID: 3217662065872440883}
  m_Layer: 0
  m_Name: Base HumanPelvis
  m_TagString: Untagged
  m_Icon: {fileID: 0}
  m_NavMeshLayer: 0
  m_StaticEditorFlags: 0
  m_IsActive: 1
--- !u!4 &3217662065872440883
Transform:
  m_ObjectHideFlags: 0
  m_CorrespondingSourceObject: {fileID: 0}
  m_PrefabInstance: {fileID: 0}
  m_PrefabAsset: {fileID: 0}
  m_GameObject: {fileID: 2247026795222768630}
  m_LocalRotation: {x: 0.49912703, y: -0.50087154, z: -0.49912694, w: 0.5008715}
  m_LocalPosition: {x: 0.00000004273747, y: 0.87985283, z: -0.050017122}
  m_LocalScale: {x: 1, y: 1, z: 1}
  m_Children:
  - {fileID: 6530459860777581757}
  - {fileID: 6028324128945978335}
  - {fileID: 5557704250048554280}
  m_Father: {fileID: 1032798533320799880}
  m_RootOrder: 0
  m_LocalEulerAnglesHint: {x: 0, y: 0, z: 0}
--- !u!1 &2294966215610999284
GameObject:
  m_ObjectHideFlags: 0
  m_CorrespondingSourceObject: {fileID: 0}
  m_PrefabInstance: {fileID: 0}
  m_PrefabAsset: {fileID: 0}
  serializedVersion: 6
  m_Component:
  - component: {fileID: 8642389883508276145}
  m_Layer: 0
  m_Name: Base HumanHead
  m_TagString: Untagged
  m_Icon: {fileID: 0}
  m_NavMeshLayer: 0
  m_StaticEditorFlags: 0
  m_IsActive: 1
--- !u!4 &8642389883508276145
Transform:
  m_ObjectHideFlags: 0
  m_CorrespondingSourceObject: {fileID: 0}
  m_PrefabInstance: {fileID: 0}
  m_PrefabAsset: {fileID: 0}
  m_GameObject: {fileID: 2294966215610999284}
  m_LocalRotation: {x: -9.020564e-15, y: 0.000000030988744, z: 0.2052295, w: 0.97871387}
  m_LocalPosition: {x: -0.13291733, y: 0, z: 4.5474734e-15}
  m_LocalScale: {x: 1, y: 1, z: 1}
  m_Children:
  - {fileID: 7884610963210149504}
  - {fileID: 5456982585074575703}
  - {fileID: 6698566333621882695}
  - {fileID: 3489772803634542258}
  - {fileID: 6405049897269008042}
  m_Father: {fileID: 8970362050887592399}
  m_RootOrder: 0
  m_LocalEulerAnglesHint: {x: 0, y: 0, z: 0}
--- !u!1 &2490214672613535331
GameObject:
  m_ObjectHideFlags: 0
  m_CorrespondingSourceObject: {fileID: 0}
  m_PrefabInstance: {fileID: 0}
  m_PrefabAsset: {fileID: 0}
  serializedVersion: 6
  m_Component:
  - component: {fileID: 3790065280102334561}
  m_Layer: 0
  m_Name: Base HumanLArmPalm
  m_TagString: Untagged
  m_Icon: {fileID: 0}
  m_NavMeshLayer: 0
  m_StaticEditorFlags: 0
  m_IsActive: 1
--- !u!4 &3790065280102334561
Transform:
  m_ObjectHideFlags: 0
  m_CorrespondingSourceObject: {fileID: 0}
  m_PrefabInstance: {fileID: 0}
  m_PrefabAsset: {fileID: 0}
  m_GameObject: {fileID: 2490214672613535331}
  m_LocalRotation: {x: -0.8082376, y: 0.10672311, z: 0.16673367, w: 0.5545829}
  m_LocalPosition: {x: -0.27302435, y: 0.000000095367426, z: 0}
  m_LocalScale: {x: 1.0000002, y: 0.99999976, z: 1}
  m_Children:
  - {fileID: 935494402442550653}
  - {fileID: 3732256034600609142}
  - {fileID: 7578666681768740045}
  - {fileID: 5151326491886599305}
  - {fileID: 4296108813880444935}
  m_Father: {fileID: 3534839289159003256}
  m_RootOrder: 0
  m_LocalEulerAnglesHint: {x: 0, y: 0, z: 0}
--- !u!1 &2521477438255339764
GameObject:
  m_ObjectHideFlags: 0
  m_CorrespondingSourceObject: {fileID: 0}
  m_PrefabInstance: {fileID: 0}
  m_PrefabAsset: {fileID: 0}
  serializedVersion: 6
  m_Component:
  - component: {fileID: 7756812575436940293}
  m_Layer: 0
  m_Name: Base HumanLArmDigit12
  m_TagString: Untagged
  m_Icon: {fileID: 0}
  m_NavMeshLayer: 0
  m_StaticEditorFlags: 0
  m_IsActive: 1
--- !u!4 &7756812575436940293
Transform:
  m_ObjectHideFlags: 0
  m_CorrespondingSourceObject: {fileID: 0}
  m_PrefabInstance: {fileID: 0}
  m_PrefabAsset: {fileID: 0}
  m_GameObject: {fileID: 2521477438255339764}
  m_LocalRotation: {x: -0.016612729, y: -0.24742864, z: -0.00534916, w: 0.9687489}
  m_LocalPosition: {x: -0.061692428, y: -0.00000015258789, z: 0.000000076293944}
  m_LocalScale: {x: 0.99999917, y: 0.9999987, z: 1.0000024}
  m_Children: []
  m_Father: {fileID: 935494402442550653}
  m_RootOrder: 0
  m_LocalEulerAnglesHint: {x: 0, y: 0, z: 0}
--- !u!1 &2847704824743588890
GameObject:
  m_ObjectHideFlags: 0
  m_CorrespondingSourceObject: {fileID: 0}
  m_PrefabInstance: {fileID: 0}
  m_PrefabAsset: {fileID: 0}
  serializedVersion: 6
  m_Component:
  - component: {fileID: 3576160913430026723}
  - component: {fileID: 923807459890110961}
  m_Layer: 0
  m_Name: Z_L_Forearm
  m_TagString: Untagged
  m_Icon: {fileID: 0}
  m_NavMeshLayer: 0
  m_StaticEditorFlags: 0
  m_IsActive: 1
--- !u!4 &3576160913430026723
Transform:
  m_ObjectHideFlags: 0
  m_CorrespondingSourceObject: {fileID: 0}
  m_PrefabInstance: {fileID: 0}
  m_PrefabAsset: {fileID: 0}
  m_GameObject: {fileID: 2847704824743588890}
  m_LocalRotation: {x: -0.7071068, y: 0, z: -0, w: 0.7071068}
  m_LocalPosition: {x: -0, y: 0, z: 0}
  m_LocalScale: {x: 1, y: 1, z: 1}
  m_Children: []
  m_Father: {fileID: 1032798533320799880}
  m_RootOrder: 6
  m_LocalEulerAnglesHint: {x: 0, y: 0, z: 0}
--- !u!137 &923807459890110961
SkinnedMeshRenderer:
  m_ObjectHideFlags: 0
  m_CorrespondingSourceObject: {fileID: 0}
  m_PrefabInstance: {fileID: 0}
  m_PrefabAsset: {fileID: 0}
  m_GameObject: {fileID: 2847704824743588890}
  m_Enabled: 1
  m_CastShadows: 1
  m_ReceiveShadows: 1
  m_DynamicOccludee: 1
  m_MotionVectors: 1
  m_LightProbeUsage: 1
  m_ReflectionProbeUsage: 1
  m_RayTracingMode: 3
  m_RayTraceProcedural: 0
  m_RenderingLayerMask: 1
  m_RendererPriority: 0
  m_Materials:
  - {fileID: 2100000, guid: 9fdb5531bdf185e448dd06dfa8192f8d, type: 2}
  m_StaticBatchInfo:
    firstSubMesh: 0
    subMeshCount: 0
  m_StaticBatchRoot: {fileID: 0}
  m_ProbeAnchor: {fileID: 0}
  m_LightProbeVolumeOverride: {fileID: 0}
  m_ScaleInLightmap: 1
  m_ReceiveGI: 1
  m_PreserveUVs: 0
  m_IgnoreNormalsForChartDetection: 0
  m_ImportantGI: 0
  m_StitchLightmapSeams: 1
  m_SelectedEditorRenderState: 3
  m_MinimumChartSize: 4
  m_AutoUVMaxDistance: 0.5
  m_AutoUVMaxAngle: 89
  m_LightmapParameters: {fileID: 0}
  m_SortingLayerID: 0
  m_SortingLayer: 0
  m_SortingOrder: 0
  serializedVersion: 2
  m_Quality: 0
  m_UpdateWhenOffscreen: 0
  m_SkinnedMotionVectors: 1
  m_Mesh: {fileID: 1499192976303270135, guid: 8f7380da49034cd488ddff94b1ac35d1, type: 3}
  m_Bones:
  - {fileID: 3534839289159003256}
  - {fileID: 3790065280102334561}
  - {fileID: 5131940712406500081}
  m_BlendShapeWeights: []
  m_RootBone: {fileID: 5131940712406500081}
  m_AABB:
    m_Center: {x: -0.33271068, y: 0.07449715, z: -0.014274962}
    m_Extent: {x: 0.19994229, y: 0.16534746, z: 0.08456549}
  m_DirtyAABB: 0
--- !u!1 &2937366351965433005
GameObject:
  m_ObjectHideFlags: 0
  m_CorrespondingSourceObject: {fileID: 0}
  m_PrefabInstance: {fileID: 0}
  m_PrefabAsset: {fileID: 0}
  serializedVersion: 6
  m_Component:
  - component: {fileID: 1153802825529336940}
  m_Layer: 0
  m_Name: Base HumanRArmForearm
  m_TagString: Untagged
  m_Icon: {fileID: 0}
  m_NavMeshLayer: 0
  m_StaticEditorFlags: 0
  m_IsActive: 1
--- !u!4 &1153802825529336940
Transform:
  m_ObjectHideFlags: 0
  m_CorrespondingSourceObject: {fileID: 0}
  m_PrefabInstance: {fileID: 0}
  m_PrefabAsset: {fileID: 0}
  m_GameObject: {fileID: 2937366351965433005}
  m_LocalRotation: {x: -0.003968462, y: 0.07920898, z: -0.28932044, w: 0.9539413}
  m_LocalPosition: {x: -0.2657412, y: 0, z: 0}
  m_LocalScale: {x: 0.99999994, y: 0.99999994, z: 1}
  m_Children:
  - {fileID: 7684135206653501305}
  m_Father: {fileID: 1745493505559569367}
  m_RootOrder: 0
  m_LocalEulerAnglesHint: {x: 0, y: 0, z: 0}
--- !u!1 &3004355304770925502
GameObject:
  m_ObjectHideFlags: 0
  m_CorrespondingSourceObject: {fileID: 0}
  m_PrefabInstance: {fileID: 0}
  m_PrefabAsset: {fileID: 0}
  serializedVersion: 6
  m_Component:
  - component: {fileID: 472899351239753054}
  m_Layer: 0
  m_Name: Base HumanLArmDigit42
  m_TagString: Untagged
  m_Icon: {fileID: 0}
  m_NavMeshLayer: 0
  m_StaticEditorFlags: 0
  m_IsActive: 1
--- !u!4 &472899351239753054
Transform:
  m_ObjectHideFlags: 0
  m_CorrespondingSourceObject: {fileID: 0}
  m_PrefabInstance: {fileID: 0}
  m_PrefabAsset: {fileID: 0}
  m_GameObject: {fileID: 3004355304770925502}
  m_LocalRotation: {x: 0.0017561469, y: 0.0054794606, z: 0.38466552, w: 0.9230381}
  m_LocalPosition: {x: -0.035081595, y: -0.000000076293944, z: -0.000000076293944}
  m_LocalScale: {x: 1.000002, y: 0.99999887, z: 0.9999991}
  m_Children:
  - {fileID: 5925345337039768412}
  m_Father: {fileID: 5151326491886599305}
  m_RootOrder: 0
  m_LocalEulerAnglesHint: {x: 0, y: 0, z: 0}
--- !u!1 &3090760657134894286
GameObject:
  m_ObjectHideFlags: 0
  m_CorrespondingSourceObject: {fileID: 0}
  m_PrefabInstance: {fileID: 0}
  m_PrefabAsset: {fileID: 0}
  serializedVersion: 6
  m_Component:
  - component: {fileID: 6834162663434103016}
  m_Layer: 0
  m_Name: Base HumanRArmDigit21
  m_TagString: Untagged
  m_Icon: {fileID: 0}
  m_NavMeshLayer: 0
  m_StaticEditorFlags: 0
  m_IsActive: 1
--- !u!4 &6834162663434103016
Transform:
  m_ObjectHideFlags: 0
  m_CorrespondingSourceObject: {fileID: 0}
  m_PrefabInstance: {fileID: 0}
  m_PrefabAsset: {fileID: 0}
  m_GameObject: {fileID: 3090760657134894286}
  m_LocalRotation: {x: 0.029768763, y: -0.11945349, z: 0.08611574, w: 0.98865}
  m_LocalPosition: {x: -0.1335968, y: -0.0033724974, z: -0.041003533}
  m_LocalScale: {x: 1.0000008, y: 1.0000006, z: 0.9999985}
  m_Children:
  - {fileID: 2510007926798559952}
  m_Father: {fileID: 7684135206653501305}
  m_RootOrder: 1
  m_LocalEulerAnglesHint: {x: 0, y: 0, z: 0}
--- !u!1 &3249127453809843781
GameObject:
  m_ObjectHideFlags: 0
  m_CorrespondingSourceObject: {fileID: 0}
  m_PrefabInstance: {fileID: 0}
  m_PrefabAsset: {fileID: 0}
  serializedVersion: 6
  m_Component:
  - component: {fileID: 1745493505559569367}
  m_Layer: 0
  m_Name: Base HumanRArmUpperarm
  m_TagString: Untagged
  m_Icon: {fileID: 0}
  m_NavMeshLayer: 0
  m_StaticEditorFlags: 0
  m_IsActive: 1
--- !u!4 &1745493505559569367
Transform:
  m_ObjectHideFlags: 0
  m_CorrespondingSourceObject: {fileID: 0}
  m_PrefabInstance: {fileID: 0}
  m_PrefabAsset: {fileID: 0}
  m_GameObject: {fileID: 3249127453809843781}
  m_LocalRotation: {x: -0.18852562, y: -0.19862312, z: -0.07134897, w: 0.95912266}
  m_LocalPosition: {x: -0.13715954, y: 0.000000057220458, z: 0.00000030517577}
  m_LocalScale: {x: 0.99999964, y: 0.9999998, z: 1.0000004}
  m_Children:
  - {fileID: 1153802825529336940}
  m_Father: {fileID: 5130718376651684807}
  m_RootOrder: 0
  m_LocalEulerAnglesHint: {x: 0, y: 0, z: 0}
--- !u!1 &3342433540212828380
GameObject:
  m_ObjectHideFlags: 0
  m_CorrespondingSourceObject: {fileID: 0}
  m_PrefabInstance: {fileID: 0}
  m_PrefabAsset: {fileID: 0}
  serializedVersion: 6
  m_Component:
  - component: {fileID: 226919321127711352}
  m_Layer: 0
  m_Name: Base HumanRArmDigit23
  m_TagString: Untagged
  m_Icon: {fileID: 0}
  m_NavMeshLayer: 0
  m_StaticEditorFlags: 0
  m_IsActive: 1
--- !u!4 &226919321127711352
Transform:
  m_ObjectHideFlags: 0
  m_CorrespondingSourceObject: {fileID: 0}
  m_PrefabInstance: {fileID: 0}
  m_PrefabAsset: {fileID: 0}
  m_GameObject: {fileID: 3342433540212828380}
  m_LocalRotation: {x: 0.000000353194, y: -0.0000008879848, z: 0.18919347, w: 0.98193985}
  m_LocalPosition: {x: -0.025481872, y: -0.000000076293944, z: -0.000000076293944}
  m_LocalScale: {x: 1.0000037, y: 0.99999774, z: 0.9999987}
  m_Children: []
  m_Father: {fileID: 2510007926798559952}
  m_RootOrder: 0
  m_LocalEulerAnglesHint: {x: 0, y: 0, z: 0}
--- !u!1 &3356262524204277625
GameObject:
  m_ObjectHideFlags: 0
  m_CorrespondingSourceObject: {fileID: 0}
  m_PrefabInstance: {fileID: 0}
  m_PrefabAsset: {fileID: 0}
  serializedVersion: 6
  m_Component:
  - component: {fileID: 8704501155741275374}
  m_Layer: 0
  m_Name: Base HumanRArmDigit11
  m_TagString: Untagged
  m_Icon: {fileID: 0}
  m_NavMeshLayer: 0
  m_StaticEditorFlags: 0
  m_IsActive: 1
--- !u!4 &8704501155741275374
Transform:
  m_ObjectHideFlags: 0
  m_CorrespondingSourceObject: {fileID: 0}
  m_PrefabInstance: {fileID: 0}
  m_PrefabAsset: {fileID: 0}
  m_GameObject: {fileID: 3356262524204277625}
  m_LocalRotation: {x: -0.07867023, y: -0.3154508, z: 0.21041228, w: 0.92196995}
  m_LocalPosition: {x: -0.05025772, y: -0.021261292, z: -0.039970662}
  m_LocalScale: {x: 1.0000015, y: 1.000001, z: 0.9999976}
  m_Children:
  - {fileID: 5689297099461765142}
  m_Father: {fileID: 7684135206653501305}
  m_RootOrder: 0
  m_LocalEulerAnglesHint: {x: 0, y: 0, z: 0}
--- !u!1 &3552377997502048116
GameObject:
  m_ObjectHideFlags: 0
  m_CorrespondingSourceObject: {fileID: 0}
  m_PrefabInstance: {fileID: 0}
  m_PrefabAsset: {fileID: 0}
  serializedVersion: 6
  m_Component:
  - component: {fileID: 5906175227916390418}
  - component: {fileID: 9105894668101153943}
  m_Layer: 0
  m_Name: Z_R_Forearm
  m_TagString: Untagged
  m_Icon: {fileID: 0}
  m_NavMeshLayer: 0
  m_StaticEditorFlags: 0
  m_IsActive: 1
--- !u!4 &5906175227916390418
Transform:
  m_ObjectHideFlags: 0
  m_CorrespondingSourceObject: {fileID: 0}
  m_PrefabInstance: {fileID: 0}
  m_PrefabAsset: {fileID: 0}
  m_GameObject: {fileID: 3552377997502048116}
  m_LocalRotation: {x: -0.7071068, y: 0, z: -0, w: 0.7071068}
  m_LocalPosition: {x: -0, y: 0, z: 0}
  m_LocalScale: {x: 1, y: 1, z: 1}
  m_Children: []
  m_Father: {fileID: 1032798533320799880}
  m_RootOrder: 11
  m_LocalEulerAnglesHint: {x: 0, y: 0, z: 0}
--- !u!137 &9105894668101153943
SkinnedMeshRenderer:
  m_ObjectHideFlags: 0
  m_CorrespondingSourceObject: {fileID: 0}
  m_PrefabInstance: {fileID: 0}
  m_PrefabAsset: {fileID: 0}
  m_GameObject: {fileID: 3552377997502048116}
  m_Enabled: 1
  m_CastShadows: 1
  m_ReceiveShadows: 1
  m_DynamicOccludee: 1
  m_MotionVectors: 1
  m_LightProbeUsage: 1
  m_ReflectionProbeUsage: 1
  m_RayTracingMode: 3
  m_RayTraceProcedural: 0
  m_RenderingLayerMask: 1
  m_RendererPriority: 0
  m_Materials:
  - {fileID: 2100000, guid: 9fdb5531bdf185e448dd06dfa8192f8d, type: 2}
  m_StaticBatchInfo:
    firstSubMesh: 0
    subMeshCount: 0
  m_StaticBatchRoot: {fileID: 0}
  m_ProbeAnchor: {fileID: 0}
  m_LightProbeVolumeOverride: {fileID: 0}
  m_ScaleInLightmap: 1
  m_ReceiveGI: 1
  m_PreserveUVs: 0
  m_IgnoreNormalsForChartDetection: 0
  m_ImportantGI: 0
  m_StitchLightmapSeams: 1
  m_SelectedEditorRenderState: 3
  m_MinimumChartSize: 4
  m_AutoUVMaxDistance: 0.5
  m_AutoUVMaxAngle: 89
  m_LightmapParameters: {fileID: 0}
  m_SortingLayerID: 0
  m_SortingLayer: 0
  m_SortingOrder: 0
  serializedVersion: 2
  m_Quality: 0
  m_UpdateWhenOffscreen: 0
  m_SkinnedMotionVectors: 1
  m_Mesh: {fileID: 4237203632617906206, guid: 8f7380da49034cd488ddff94b1ac35d1, type: 3}
  m_Bones:
  - {fileID: 1153802825529336940}
  - {fileID: 7684135206653501305}
  - {fileID: 1745493505559569367}
  m_BlendShapeWeights: []
  m_RootBone: {fileID: 1745493505559569367}
  m_AABB:
    m_Center: {x: -0.33271015, y: 0.074496835, z: 0.014275014}
    m_Extent: {x: 0.19994229, y: 0.16534758, z: 0.08456545}
  m_DirtyAABB: 0
--- !u!1 &3690040849689366218
GameObject:
  m_ObjectHideFlags: 0
  m_CorrespondingSourceObject: {fileID: 0}
  m_PrefabInstance: {fileID: 0}
  m_PrefabAsset: {fileID: 0}
  serializedVersion: 6
  m_Component:
  - component: {fileID: 1190972801408964667}
  - component: {fileID: 6545791796989418271}
  m_Layer: 0
  m_Name: Z_R_LegCalf
  m_TagString: Untagged
  m_Icon: {fileID: 0}
  m_NavMeshLayer: 0
  m_StaticEditorFlags: 0
  m_IsActive: 1
--- !u!4 &1190972801408964667
Transform:
  m_ObjectHideFlags: 0
  m_CorrespondingSourceObject: {fileID: 0}
  m_PrefabInstance: {fileID: 0}
  m_PrefabAsset: {fileID: 0}
  m_GameObject: {fileID: 3690040849689366218}
  m_LocalRotation: {x: -0.7071068, y: 0, z: -0, w: 0.7071068}
  m_LocalPosition: {x: -0, y: 0, z: 0}
  m_LocalScale: {x: 1, y: 1, z: 1}
  m_Children: []
  m_Father: {fileID: 1032798533320799880}
  m_RootOrder: 12
  m_LocalEulerAnglesHint: {x: 0, y: 0, z: 0}
--- !u!137 &6545791796989418271
SkinnedMeshRenderer:
  m_ObjectHideFlags: 0
  m_CorrespondingSourceObject: {fileID: 0}
  m_PrefabInstance: {fileID: 0}
  m_PrefabAsset: {fileID: 0}
  m_GameObject: {fileID: 3690040849689366218}
  m_Enabled: 1
  m_CastShadows: 1
  m_ReceiveShadows: 1
  m_DynamicOccludee: 1
  m_MotionVectors: 1
  m_LightProbeUsage: 1
  m_ReflectionProbeUsage: 1
  m_RayTracingMode: 3
  m_RayTraceProcedural: 0
  m_RenderingLayerMask: 1
  m_RendererPriority: 0
  m_Materials:
  - {fileID: 2100000, guid: 9fdb5531bdf185e448dd06dfa8192f8d, type: 2}
  m_StaticBatchInfo:
    firstSubMesh: 0
    subMeshCount: 0
  m_StaticBatchRoot: {fileID: 0}
  m_ProbeAnchor: {fileID: 0}
  m_LightProbeVolumeOverride: {fileID: 0}
  m_ScaleInLightmap: 1
  m_ReceiveGI: 1
  m_PreserveUVs: 0
  m_IgnoreNormalsForChartDetection: 0
  m_ImportantGI: 0
  m_StitchLightmapSeams: 1
  m_SelectedEditorRenderState: 3
  m_MinimumChartSize: 4
  m_AutoUVMaxDistance: 0.5
  m_AutoUVMaxAngle: 89
  m_LightmapParameters: {fileID: 0}
  m_SortingLayerID: 0
  m_SortingLayer: 0
  m_SortingOrder: 0
  serializedVersion: 2
  m_Quality: 0
  m_UpdateWhenOffscreen: 0
  m_SkinnedMotionVectors: 1
  m_Mesh: {fileID: -4742502157294039791, guid: 8f7380da49034cd488ddff94b1ac35d1, type: 3}
  m_Bones:
  - {fileID: 2544980881030580269}
  - {fileID: 6028324128945978335}
  - {fileID: 2724534664846996322}
  - {fileID: 2409150403390101174}
  m_BlendShapeWeights: []
  m_RootBone: {fileID: 6028324128945978335}
  m_AABB:
    m_Center: {x: -0.6232228, y: -0.04034254, z: 0.0005267486}
    m_Extent: {x: 0.33801976, y: 0.17106959, z: 0.101398}
  m_DirtyAABB: 0
--- !u!1 &3739778786088300445
GameObject:
  m_ObjectHideFlags: 0
  m_CorrespondingSourceObject: {fileID: 0}
  m_PrefabInstance: {fileID: 0}
  m_PrefabAsset: {fileID: 0}
  serializedVersion: 6
  m_Component:
  - component: {fileID: 6866290158028837888}
  m_Layer: 0
  m_Name: Base HumanLArmDigit33
  m_TagString: Untagged
  m_Icon: {fileID: 0}
  m_NavMeshLayer: 0
  m_StaticEditorFlags: 0
  m_IsActive: 1
--- !u!4 &6866290158028837888
Transform:
  m_ObjectHideFlags: 0
  m_CorrespondingSourceObject: {fileID: 0}
  m_PrefabInstance: {fileID: 0}
  m_PrefabAsset: {fileID: 0}
  m_GameObject: {fileID: 3739778786088300445}
  m_LocalRotation: {x: -0.0000010114339, y: -0.00000074526986, z: 0.15353502, w: 0.9881432}
  m_LocalPosition: {x: -0.019190902, y: -0.000000076293944, z: 0}
  m_LocalScale: {x: 1.0000043, y: 0.99999565, z: 1}
  m_Children: []
  m_Father: {fileID: 5441428186677700826}
  m_RootOrder: 0
  m_LocalEulerAnglesHint: {x: 0, y: 0, z: 0}
--- !u!1 &3860821678143005927
GameObject:
  m_ObjectHideFlags: 0
  m_CorrespondingSourceObject: {fileID: 0}
  m_PrefabInstance: {fileID: 0}
  m_PrefabAsset: {fileID: 0}
  serializedVersion: 6
  m_Component:
  - component: {fileID: 627073004187319760}
  - component: {fileID: 5954735918374424548}
  m_Layer: 0
  m_Name: Z_Head
  m_TagString: Untagged
  m_Icon: {fileID: 0}
  m_NavMeshLayer: 0
  m_StaticEditorFlags: 0
  m_IsActive: 1
--- !u!4 &627073004187319760
Transform:
  m_ObjectHideFlags: 0
  m_CorrespondingSourceObject: {fileID: 0}
  m_PrefabInstance: {fileID: 0}
  m_PrefabAsset: {fileID: 0}
  m_GameObject: {fileID: 3860821678143005927}
  m_LocalRotation: {x: -0.7071068, y: 0, z: -0, w: 0.7071068}
  m_LocalPosition: {x: -0, y: 0, z: 0}
  m_LocalScale: {x: 1, y: 1, z: 1}
  m_Children: []
  m_Father: {fileID: 1032798533320799880}
  m_RootOrder: 3
  m_LocalEulerAnglesHint: {x: 0, y: 0, z: 0}
--- !u!137 &5954735918374424548
SkinnedMeshRenderer:
  m_ObjectHideFlags: 0
  m_CorrespondingSourceObject: {fileID: 0}
  m_PrefabInstance: {fileID: 0}
  m_PrefabAsset: {fileID: 0}
  m_GameObject: {fileID: 3860821678143005927}
  m_Enabled: 1
  m_CastShadows: 1
  m_ReceiveShadows: 1
  m_DynamicOccludee: 1
  m_MotionVectors: 1
  m_LightProbeUsage: 1
  m_ReflectionProbeUsage: 1
  m_RayTracingMode: 3
  m_RayTraceProcedural: 0
  m_RenderingLayerMask: 1
  m_RendererPriority: 0
  m_Materials:
  - {fileID: 2100000, guid: 9fdb5531bdf185e448dd06dfa8192f8d, type: 2}
  m_StaticBatchInfo:
    firstSubMesh: 0
    subMeshCount: 0
  m_StaticBatchRoot: {fileID: 0}
  m_ProbeAnchor: {fileID: 0}
  m_LightProbeVolumeOverride: {fileID: 0}
  m_ScaleInLightmap: 1
  m_ReceiveGI: 1
  m_PreserveUVs: 0
  m_IgnoreNormalsForChartDetection: 0
  m_ImportantGI: 0
  m_StitchLightmapSeams: 1
  m_SelectedEditorRenderState: 3
  m_MinimumChartSize: 4
  m_AutoUVMaxDistance: 0.5
  m_AutoUVMaxAngle: 89
  m_LightmapParameters: {fileID: 0}
  m_SortingLayerID: 0
  m_SortingLayer: 0
  m_SortingOrder: 0
  serializedVersion: 2
  m_Quality: 0
  m_UpdateWhenOffscreen: 0
  m_SkinnedMotionVectors: 1
  m_Mesh: {fileID: -5861692221299373288, guid: 8f7380da49034cd488ddff94b1ac35d1, type: 3}
  m_Bones:
  - {fileID: 8642389883508276145}
  - {fileID: 7884610963210149504}
  - {fileID: 8970362050887592399}
  - {fileID: 5456982585074575703}
  - {fileID: 3489772803634542258}
  - {fileID: 6698566333621882695}
  - {fileID: 6405049897269008042}
  - {fileID: 2651375026656622143}
  - {fileID: 5848546110084850318}
  - {fileID: 5130718376651684807}
  m_BlendShapeWeights: []
  m_RootBone: {fileID: 5848546110084850318}
  m_AABB:
    m_Center: {x: -0.13655424, y: 0.08126316, z: 0.000000037252903}
    m_Extent: {x: 0.15378535, y: 0.12076975, z: 0.08768331}
  m_DirtyAABB: 0
--- !u!1 &4039277050907296923
GameObject:
  m_ObjectHideFlags: 0
  m_CorrespondingSourceObject: {fileID: 0}
  m_PrefabInstance: {fileID: 0}
  m_PrefabAsset: {fileID: 0}
  serializedVersion: 6
  m_Component:
  - component: {fileID: 1032798533320799880}
  - component: {fileID: 6980367263542402034}
  m_Layer: 0
  m_Name: Zombie1
  m_TagString: Untagged
  m_Icon: {fileID: 0}
  m_NavMeshLayer: 0
  m_StaticEditorFlags: 0
  m_IsActive: 1
--- !u!4 &1032798533320799880
Transform:
  m_ObjectHideFlags: 0
  m_CorrespondingSourceObject: {fileID: 0}
  m_PrefabInstance: {fileID: 0}
  m_PrefabAsset: {fileID: 0}
  m_GameObject: {fileID: 4039277050907296923}
  m_LocalRotation: {x: -0, y: -0, z: -0, w: 1}
  m_LocalPosition: {x: 0, y: 0, z: 0}
  m_LocalScale: {x: 1, y: 1, z: 1}
  m_Children:
  - {fileID: 3217662065872440883}
  - {fileID: 109702241363557323}
  - {fileID: 6192883014647505434}
  - {fileID: 627073004187319760}
  - {fileID: 6536090433072950990}
  - {fileID: 1778630501910822093}
  - {fileID: 3576160913430026723}
  - {fileID: 5716798246962824696}
  - {fileID: 636026938909848485}
  - {fileID: 1925000390327486810}
  - {fileID: 196409861608170462}
  - {fileID: 5906175227916390418}
  - {fileID: 1190972801408964667}
  - {fileID: 7974008192018393071}
  - {fileID: 4114187109655591751}
  m_Father: {fileID: 4620419410154877992}
  m_RootOrder: 0
  m_LocalEulerAnglesHint: {x: 0, y: 0, z: 0}
--- !u!95 &6980367263542402034
Animator:
  serializedVersion: 3
  m_ObjectHideFlags: 0
  m_CorrespondingSourceObject: {fileID: 0}
  m_PrefabInstance: {fileID: 0}
  m_PrefabAsset: {fileID: 0}
  m_GameObject: {fileID: 4039277050907296923}
  m_Enabled: 1
  m_Avatar: {fileID: 9000000, guid: 8f7380da49034cd488ddff94b1ac35d1, type: 3}
  m_Controller: {fileID: 9100000, guid: 2ef8e6599b7f9934e8ff0d64c5325a1f, type: 2}
  m_CullingMode: 1
  m_UpdateMode: 0
  m_ApplyRootMotion: 1
  m_LinearVelocityBlending: 0
  m_WarningMessage: 
  m_HasTransformHierarchy: 1
  m_AllowConstantClipSamplingOptimization: 1
  m_KeepAnimatorControllerStateOnDisable: 0
--- !u!1 &4193522645278771593
GameObject:
  m_ObjectHideFlags: 0
  m_CorrespondingSourceObject: {fileID: 0}
  m_PrefabInstance: {fileID: 0}
  m_PrefabAsset: {fileID: 0}
  serializedVersion: 6
  m_Component:
  - component: {fileID: 6536090433072950990}
  - component: {fileID: 4306442240404579968}
  m_Layer: 0
  m_Name: Z_Hip
  m_TagString: Untagged
  m_Icon: {fileID: 0}
  m_NavMeshLayer: 0
  m_StaticEditorFlags: 0
  m_IsActive: 1
--- !u!4 &6536090433072950990
Transform:
  m_ObjectHideFlags: 0
  m_CorrespondingSourceObject: {fileID: 0}
  m_PrefabInstance: {fileID: 0}
  m_PrefabAsset: {fileID: 0}
  m_GameObject: {fileID: 4193522645278771593}
  m_LocalRotation: {x: -0.7071068, y: 0, z: -0, w: 0.7071068}
  m_LocalPosition: {x: -0, y: 0, z: 0}
  m_LocalScale: {x: 1, y: 1, z: 1}
  m_Children: []
  m_Father: {fileID: 1032798533320799880}
  m_RootOrder: 4
  m_LocalEulerAnglesHint: {x: 0, y: 0, z: 0}
--- !u!137 &4306442240404579968
SkinnedMeshRenderer:
  m_ObjectHideFlags: 0
  m_CorrespondingSourceObject: {fileID: 0}
  m_PrefabInstance: {fileID: 0}
  m_PrefabAsset: {fileID: 0}
  m_GameObject: {fileID: 4193522645278771593}
  m_Enabled: 1
  m_CastShadows: 1
  m_ReceiveShadows: 1
  m_DynamicOccludee: 1
  m_MotionVectors: 1
  m_LightProbeUsage: 1
  m_ReflectionProbeUsage: 1
  m_RayTracingMode: 3
  m_RayTraceProcedural: 0
  m_RenderingLayerMask: 1
  m_RendererPriority: 0
  m_Materials:
  - {fileID: 2100000, guid: 9fdb5531bdf185e448dd06dfa8192f8d, type: 2}
  m_StaticBatchInfo:
    firstSubMesh: 0
    subMeshCount: 0
  m_StaticBatchRoot: {fileID: 0}
  m_ProbeAnchor: {fileID: 0}
  m_LightProbeVolumeOverride: {fileID: 0}
  m_ScaleInLightmap: 1
  m_ReceiveGI: 1
  m_PreserveUVs: 0
  m_IgnoreNormalsForChartDetection: 0
  m_ImportantGI: 0
  m_StitchLightmapSeams: 1
  m_SelectedEditorRenderState: 3
  m_MinimumChartSize: 4
  m_AutoUVMaxDistance: 0.5
  m_AutoUVMaxAngle: 89
  m_LightmapParameters: {fileID: 0}
  m_SortingLayerID: 0
  m_SortingLayer: 0
  m_SortingOrder: 0
  serializedVersion: 2
  m_Quality: 0
  m_UpdateWhenOffscreen: 0
  m_SkinnedMotionVectors: 1
  m_Mesh: {fileID: -840281973695887608, guid: 8f7380da49034cd488ddff94b1ac35d1, type: 3}
  m_Bones:
  - {fileID: 3217662065872440883}
  - {fileID: 6530459860777581757}
  - {fileID: 6028324128945978335}
  - {fileID: 5557704250048554280}
  m_BlendShapeWeights: []
  m_RootBone: {fileID: 3217662065872440883}
  m_AABB:
    m_Center: {x: -0.025750682, y: 0.055356823, z: 0.0000008419156}
    m_Extent: {x: 0.16131075, y: 0.13559681, z: 0.19217956}
  m_DirtyAABB: 0
--- !u!1 &4212856749769104394
GameObject:
  m_ObjectHideFlags: 0
  m_CorrespondingSourceObject: {fileID: 0}
  m_PrefabInstance: {fileID: 0}
  m_PrefabAsset: {fileID: 0}
  serializedVersion: 6
  m_Component:
  - component: {fileID: 327351128552829358}
  m_Layer: 0
  m_Name: Base HumanRArmDigit52
  m_TagString: Untagged
  m_Icon: {fileID: 0}
  m_NavMeshLayer: 0
  m_StaticEditorFlags: 0
  m_IsActive: 1
--- !u!4 &327351128552829358
Transform:
  m_ObjectHideFlags: 0
  m_CorrespondingSourceObject: {fileID: 0}
  m_PrefabInstance: {fileID: 0}
  m_PrefabAsset: {fileID: 0}
  m_GameObject: {fileID: 4212856749769104394}
  m_LocalRotation: {x: -0.0013703924, y: -0.01122113, z: 0.16111735, w: 0.9868705}
  m_LocalPosition: {x: -0.015028152, y: 0, z: -0.000000038146972}
  m_LocalScale: {x: 0.999997, y: 1.0000011, z: 1.0000018}
  m_Children:
  - {fileID: 4202558646758238604}
  m_Father: {fileID: 3345332460197436337}
  m_RootOrder: 0
  m_LocalEulerAnglesHint: {x: 0, y: 0, z: 0}
--- !u!1 &4556249331475088057
GameObject:
  m_ObjectHideFlags: 0
  m_CorrespondingSourceObject: {fileID: 0}
  m_PrefabInstance: {fileID: 0}
  m_PrefabAsset: {fileID: 0}
  serializedVersion: 6
  m_Component:
  - component: {fileID: 2075012320700302513}
  m_Layer: 0
  m_Name: Base HumanRArmDigit42
  m_TagString: Untagged
  m_Icon: {fileID: 0}
  m_NavMeshLayer: 0
  m_StaticEditorFlags: 0
  m_IsActive: 1
--- !u!4 &2075012320700302513
Transform:
  m_ObjectHideFlags: 0
  m_CorrespondingSourceObject: {fileID: 0}
  m_PrefabInstance: {fileID: 0}
  m_PrefabAsset: {fileID: 0}
  m_GameObject: {fileID: 4556249331475088057}
  m_LocalRotation: {x: -0.001752819, y: -0.0054816026, z: 0.38466552, w: 0.92303807}
  m_LocalPosition: {x: -0.035081632, y: 0.000000076293944, z: -0.000000076293944}
  m_LocalScale: {x: 0.9999983, y: 1.0000006, z: 1.0000008}
  m_Children:
  - {fileID: 8766551927980509969}
  m_Father: {fileID: 8698621622195394673}
  m_RootOrder: 0
  m_LocalEulerAnglesHint: {x: 0, y: 0, z: 0}
--- !u!1 &4620419409521253080
GameObject:
  m_ObjectHideFlags: 0
  m_CorrespondingSourceObject: {fileID: 0}
  m_PrefabInstance: {fileID: 0}
  m_PrefabAsset: {fileID: 0}
  serializedVersion: 6
  m_Component:
  - component: {fileID: 4620419409521253086}
  - component: {fileID: 4620419409521253087}
  - component: {fileID: 4620419409521253084}
  - component: {fileID: 2340347376828539151}
  - component: {fileID: 3488837648925777824}
  m_Layer: 0
  m_Name: Zombie enemy
  m_TagString: Untagged
  m_Icon: {fileID: 0}
  m_NavMeshLayer: 0
  m_StaticEditorFlags: 0
  m_IsActive: 1
--- !u!4 &4620419409521253086
Transform:
  m_ObjectHideFlags: 0
  m_CorrespondingSourceObject: {fileID: 0}
  m_PrefabInstance: {fileID: 0}
  m_PrefabAsset: {fileID: 0}
  m_GameObject: {fileID: 4620419409521253080}
  m_LocalRotation: {x: 0.019592568, y: -0, z: -0, w: 0.9998081}
  m_LocalPosition: {x: 42.16515, y: 0.87, z: 29.88}
  m_LocalScale: {x: 1, y: 0.81281275, z: 1}
  m_Children:
  - {fileID: 4620419410154877992}
  m_Father: {fileID: 0}
  m_RootOrder: 0
  m_LocalEulerAnglesHint: {x: 2.245, y: 0, z: 0}
--- !u!136 &4620419409521253087
CapsuleCollider:
  m_ObjectHideFlags: 0
  m_CorrespondingSourceObject: {fileID: 0}
  m_PrefabInstance: {fileID: 0}
  m_PrefabAsset: {fileID: 0}
  m_GameObject: {fileID: 4620419409521253080}
  m_Material: {fileID: 0}
  m_IsTrigger: 0
  m_Enabled: 1
  m_Radius: 0.5
  m_Height: 2.2263477
  m_Direction: 1
  m_Center: {x: 0, y: 1, z: -9.8411945e-11}
--- !u!195 &4620419409521253084
NavMeshAgent:
  m_ObjectHideFlags: 0
  m_CorrespondingSourceObject: {fileID: 0}
  m_PrefabInstance: {fileID: 0}
  m_PrefabAsset: {fileID: 0}
  m_GameObject: {fileID: 4620419409521253080}
  m_Enabled: 1
  m_AgentTypeID: 0
  m_Radius: 0.5
  m_Speed: 8
  m_Acceleration: 8
  avoidancePriority: 50
  m_AngularSpeed: 120
  m_StoppingDistance: 3
  m_AutoTraverseOffMeshLink: 1
  m_AutoBraking: 1
  m_AutoRepath: 1
  m_Height: 2
  m_BaseOffset: 0
  m_WalkableMask: 4294967295
  m_ObstacleAvoidanceType: 4
--- !u!95 &2340347376828539151
Animator:
  serializedVersion: 3
  m_ObjectHideFlags: 0
  m_CorrespondingSourceObject: {fileID: 0}
  m_PrefabInstance: {fileID: 0}
  m_PrefabAsset: {fileID: 0}
  m_GameObject: {fileID: 4620419409521253080}
  m_Enabled: 1
  m_Avatar: {fileID: 0}
  m_Controller: {fileID: 9100000, guid: 5c7dd7ccb855c314a8b112e20357825a, type: 2}
  m_CullingMode: 0
  m_UpdateMode: 0
  m_ApplyRootMotion: 0
  m_LinearVelocityBlending: 0
  m_WarningMessage: 
  m_HasTransformHierarchy: 1
  m_AllowConstantClipSamplingOptimization: 1
  m_KeepAnimatorControllerStateOnDisable: 0
--- !u!114 &3488837648925777824
MonoBehaviour:
  m_ObjectHideFlags: 0
  m_CorrespondingSourceObject: {fileID: 0}
  m_PrefabInstance: {fileID: 0}
  m_PrefabAsset: {fileID: 0}
  m_GameObject: {fileID: 4620419409521253080}
  m_Enabled: 1
  m_EditorHideFlags: 0
  m_Script: {fileID: 11500000, guid: b202ce0da76c68d47810ad9a268382bd, type: 3}
  m_Name: 
  m_EditorClassIdentifier: 
  damage: 1
  enemyAnimation: {fileID: 7580058226057268577}
--- !u!1 &4620419410154877993
GameObject:
  m_ObjectHideFlags: 0
  m_CorrespondingSourceObject: {fileID: 0}
  m_PrefabInstance: {fileID: 0}
  m_PrefabAsset: {fileID: 0}
  serializedVersion: 6
  m_Component:
  - component: {fileID: 4620419410154877992}
  - component: {fileID: 7580058226057268577}
  - component: {fileID: 2569274013393933639}
  m_Layer: 0
  m_Name: View
  m_TagString: Untagged
  m_Icon: {fileID: 0}
  m_NavMeshLayer: 0
  m_StaticEditorFlags: 0
  m_IsActive: 1
--- !u!4 &4620419410154877992
Transform:
  m_ObjectHideFlags: 0
  m_CorrespondingSourceObject: {fileID: 0}
  m_PrefabInstance: {fileID: 0}
  m_PrefabAsset: {fileID: 0}
  m_GameObject: {fileID: 4620419410154877993}
  m_LocalRotation: {x: 0, y: 0, z: 0, w: 1}
  m_LocalPosition: {x: 0, y: -0.11, z: 0}
  m_LocalScale: {x: 1, y: 1.083268, z: 1}
  m_Children:
  - {fileID: 1032798533320799880}
  m_Father: {fileID: 4620419409521253086}
  m_RootOrder: 0
  m_LocalEulerAnglesHint: {x: 0, y: 0, z: 0}
--- !u!114 &7580058226057268577
MonoBehaviour:
  m_ObjectHideFlags: 0
  m_CorrespondingSourceObject: {fileID: 0}
  m_PrefabInstance: {fileID: 0}
  m_PrefabAsset: {fileID: 0}
  m_GameObject: {fileID: 4620419410154877993}
  m_Enabled: 1
  m_EditorHideFlags: 0
  m_Script: {fileID: 11500000, guid: bb9afc526912a714d94835758d413949, type: 3}
  m_Name: 
  m_EditorClassIdentifier: 
--- !u!95 &2569274013393933639
Animator:
  serializedVersion: 3
  m_ObjectHideFlags: 0
  m_CorrespondingSourceObject: {fileID: 0}
  m_PrefabInstance: {fileID: 0}
  m_PrefabAsset: {fileID: 0}
  m_GameObject: {fileID: 4620419410154877993}
  m_Enabled: 1
  m_Avatar: {fileID: 9000000, guid: 8f7380da49034cd488ddff94b1ac35d1, type: 3}
  m_Controller: {fileID: 9100000, guid: 53d191f36545e9945bbb4ebf7addd1a5, type: 2}
  m_CullingMode: 0
  m_UpdateMode: 0
  m_ApplyRootMotion: 0
  m_LinearVelocityBlending: 0
  m_WarningMessage: 
  m_HasTransformHierarchy: 1
  m_AllowConstantClipSamplingOptimization: 1
  m_KeepAnimatorControllerStateOnDisable: 0
--- !u!1 &4811065627787696363
GameObject:
  m_ObjectHideFlags: 0
  m_CorrespondingSourceObject: {fileID: 0}
  m_PrefabInstance: {fileID: 0}
  m_PrefabAsset: {fileID: 0}
  serializedVersion: 6
  m_Component:
  - component: {fileID: 6698566333621882695}
  m_Layer: 0
  m_Name: Base HumanHeadREye
  m_TagString: Untagged
  m_Icon: {fileID: 0}
  m_NavMeshLayer: 0
  m_StaticEditorFlags: 0
  m_IsActive: 1
--- !u!4 &6698566333621882695
Transform:
  m_ObjectHideFlags: 0
  m_CorrespondingSourceObject: {fileID: 0}
  m_PrefabInstance: {fileID: 0}
  m_PrefabAsset: {fileID: 0}
  m_GameObject: {fileID: 4811065627787696363}
  m_LocalRotation: {x: 2.1622138e-21, y: -0, z: -0, w: 1}
  m_LocalPosition: {x: -0.048573304, y: 0.101215295, z: -0.033374306}
  m_LocalScale: {x: 1, y: 1, z: 1}
  m_Children: []
  m_Father: {fileID: 8642389883508276145}
  m_RootOrder: 2
  m_LocalEulerAnglesHint: {x: 0, y: 0, z: 0}
--- !u!1 &4843274668391660691
GameObject:
  m_ObjectHideFlags: 0
  m_CorrespondingSourceObject: {fileID: 0}
  m_PrefabInstance: {fileID: 0}
  m_PrefabAsset: {fileID: 0}
  serializedVersion: 6
  m_Component:
  - component: {fileID: 7578666681768740045}
  m_Layer: 0
  m_Name: Base HumanLArmDigit31
  m_TagString: Untagged
  m_Icon: {fileID: 0}
  m_NavMeshLayer: 0
  m_StaticEditorFlags: 0
  m_IsActive: 1
--- !u!4 &7578666681768740045
Transform:
  m_ObjectHideFlags: 0
  m_CorrespondingSourceObject: {fileID: 0}
  m_PrefabInstance: {fileID: 0}
  m_PrefabAsset: {fileID: 0}
  m_GameObject: {fileID: 4843274668391660691}
  m_LocalRotation: {x: 0.0000006328582, y: -0.0000009784421, z: -0.16974594, w: 0.9854879}
  m_LocalPosition: {x: -0.13412131, y: -0.00000022888183, z: 0.015467567}
  m_LocalScale: {x: 0.9999989, y: 1.0000011, z: 1}
  m_Children:
  - {fileID: 5441428186677700826}
  m_Father: {fileID: 3790065280102334561}
  m_RootOrder: 2
  m_LocalEulerAnglesHint: {x: 0, y: 0, z: 0}
--- !u!1 &4915765370978144288
GameObject:
  m_ObjectHideFlags: 0
  m_CorrespondingSourceObject: {fileID: 0}
  m_PrefabInstance: {fileID: 0}
  m_PrefabAsset: {fileID: 0}
  serializedVersion: 6
  m_Component:
  - component: {fileID: 4296108813880444935}
  m_Layer: 0
  m_Name: Base HumanLArmDigit51
  m_TagString: Untagged
  m_Icon: {fileID: 0}
  m_NavMeshLayer: 0
  m_StaticEditorFlags: 0
  m_IsActive: 1
--- !u!4 &4296108813880444935
Transform:
  m_ObjectHideFlags: 0
  m_CorrespondingSourceObject: {fileID: 0}
  m_PrefabInstance: {fileID: 0}
  m_PrefabAsset: {fileID: 0}
  m_GameObject: {fileID: 4915765370978144288}
  m_LocalRotation: {x: -0.0069109816, y: -0.22852524, z: 0.029884988, w: 0.97305465}
  m_LocalPosition: {x: -0.13316536, y: -0.0000003814697, z: -0.041975822}
  m_LocalScale: {x: 1.0000021, y: 0.9999995, z: 0.99999845}
  m_Children:
  - {fileID: 3106978684291269927}
  m_Father: {fileID: 3790065280102334561}
  m_RootOrder: 4
  m_LocalEulerAnglesHint: {x: 0, y: 0, z: 0}
--- !u!1 &5130564310592749397
GameObject:
  m_ObjectHideFlags: 0
  m_CorrespondingSourceObject: {fileID: 0}
  m_PrefabInstance: {fileID: 0}
  m_PrefabAsset: {fileID: 0}
  serializedVersion: 6
  m_Component:
  - component: {fileID: 4114187109655591751}
  - component: {fileID: 6085645047817470582}
  m_Layer: 0
  m_Name: Z_R_Upperarm
  m_TagString: Untagged
  m_Icon: {fileID: 0}
  m_NavMeshLayer: 0
  m_StaticEditorFlags: 0
  m_IsActive: 1
--- !u!4 &4114187109655591751
Transform:
  m_ObjectHideFlags: 0
  m_CorrespondingSourceObject: {fileID: 0}
  m_PrefabInstance: {fileID: 0}
  m_PrefabAsset: {fileID: 0}
  m_GameObject: {fileID: 5130564310592749397}
  m_LocalRotation: {x: -0.7071068, y: 0, z: -0, w: 0.7071068}
  m_LocalPosition: {x: -0, y: 0, z: 0}
  m_LocalScale: {x: 1, y: 1, z: 1}
  m_Children: []
  m_Father: {fileID: 1032798533320799880}
  m_RootOrder: 14
  m_LocalEulerAnglesHint: {x: 0, y: 0, z: 0}
--- !u!137 &6085645047817470582
SkinnedMeshRenderer:
  m_ObjectHideFlags: 0
  m_CorrespondingSourceObject: {fileID: 0}
  m_PrefabInstance: {fileID: 0}
  m_PrefabAsset: {fileID: 0}
  m_GameObject: {fileID: 5130564310592749397}
  m_Enabled: 1
  m_CastShadows: 1
  m_ReceiveShadows: 1
  m_DynamicOccludee: 1
  m_MotionVectors: 1
  m_LightProbeUsage: 1
  m_ReflectionProbeUsage: 1
  m_RayTracingMode: 3
  m_RayTraceProcedural: 0
  m_RenderingLayerMask: 1
  m_RendererPriority: 0
  m_Materials:
  - {fileID: 2100000, guid: 9fdb5531bdf185e448dd06dfa8192f8d, type: 2}
  m_StaticBatchInfo:
    firstSubMesh: 0
    subMeshCount: 0
  m_StaticBatchRoot: {fileID: 0}
  m_ProbeAnchor: {fileID: 0}
  m_LightProbeVolumeOverride: {fileID: 0}
  m_ScaleInLightmap: 1
  m_ReceiveGI: 1
  m_PreserveUVs: 0
  m_IgnoreNormalsForChartDetection: 0
  m_ImportantGI: 0
  m_StitchLightmapSeams: 1
  m_SelectedEditorRenderState: 3
  m_MinimumChartSize: 4
  m_AutoUVMaxDistance: 0.5
  m_AutoUVMaxAngle: 89
  m_LightmapParameters: {fileID: 0}
  m_SortingLayerID: 0
  m_SortingLayer: 0
  m_SortingOrder: 0
  serializedVersion: 2
  m_Quality: 0
  m_UpdateWhenOffscreen: 0
  m_SkinnedMotionVectors: 1
  m_Mesh: {fileID: 4633338100144760241, guid: 8f7380da49034cd488ddff94b1ac35d1, type: 3}
  m_Bones:
  - {fileID: 5130718376651684807}
  - {fileID: 1745493505559569367}
  - {fileID: 5848546110084850318}
  - {fileID: 1153802825529336940}
  m_BlendShapeWeights: []
  m_RootBone: {fileID: 5848546110084850318}
  m_AABB:
    m_Center: {x: 0.13820733, y: -0.026854638, z: -0.25933427}
    m_Extent: {x: 0.16926749, y: 0.11703318, z: 0.1886172}
  m_DirtyAABB: 0
--- !u!1 &5183363899181332560
GameObject:
  m_ObjectHideFlags: 0
  m_CorrespondingSourceObject: {fileID: 0}
  m_PrefabInstance: {fileID: 0}
  m_PrefabAsset: {fileID: 0}
  serializedVersion: 6
  m_Component:
  - component: {fileID: 3489772803634542258}
  m_Layer: 0
  m_Name: Base HumanHeadREyelid
  m_TagString: Untagged
  m_Icon: {fileID: 0}
  m_NavMeshLayer: 0
  m_StaticEditorFlags: 0
  m_IsActive: 1
--- !u!4 &3489772803634542258
Transform:
  m_ObjectHideFlags: 0
  m_CorrespondingSourceObject: {fileID: 0}
  m_PrefabInstance: {fileID: 0}
  m_PrefabAsset: {fileID: 0}
  m_GameObject: {fileID: 5183363899181332560}
  m_LocalRotation: {x: 2.1622138e-21, y: -0, z: -0, w: 1}
  m_LocalPosition: {x: -0.053126983, y: 0.13199672, z: -0.033060458}
  m_LocalScale: {x: 1, y: 1, z: 1}
  m_Children: []
  m_Father: {fileID: 8642389883508276145}
  m_RootOrder: 3
  m_LocalEulerAnglesHint: {x: 0, y: 0, z: 0}
--- !u!1 &5370906871586878011
GameObject:
  m_ObjectHideFlags: 0
  m_CorrespondingSourceObject: {fileID: 0}
  m_PrefabInstance: {fileID: 0}
  m_PrefabAsset: {fileID: 0}
  serializedVersion: 6
  m_Component:
  - component: {fileID: 3345332460197436337}
  m_Layer: 0
  m_Name: Base HumanRArmDigit51
  m_TagString: Untagged
  m_Icon: {fileID: 0}
  m_NavMeshLayer: 0
  m_StaticEditorFlags: 0
  m_IsActive: 1
--- !u!4 &3345332460197436337
Transform:
  m_ObjectHideFlags: 0
  m_CorrespondingSourceObject: {fileID: 0}
  m_PrefabInstance: {fileID: 0}
  m_PrefabAsset: {fileID: 0}
  m_GameObject: {fileID: 5370906871586878011}
  m_LocalRotation: {x: 0.006912628, y: 0.228524, z: 0.029882545, w: 0.973055}
  m_LocalPosition: {x: -0.13316524, y: 0.00000015258789, z: 0.04197525}
  m_LocalScale: {x: 0.99999785, y: 1.0000002, z: 1.0000018}
  m_Children:
  - {fileID: 327351128552829358}
  m_Father: {fileID: 7684135206653501305}
  m_RootOrder: 4
  m_LocalEulerAnglesHint: {x: 0, y: 0, z: 0}
--- !u!1 &5384211636674841404
GameObject:
  m_ObjectHideFlags: 0
  m_CorrespondingSourceObject: {fileID: 0}
  m_PrefabInstance: {fileID: 0}
  m_PrefabAsset: {fileID: 0}
  serializedVersion: 6
  m_Component:
  - component: {fileID: 2544980881030580269}
  m_Layer: 0
  m_Name: Base HumanRCalf
  m_TagString: Untagged
  m_Icon: {fileID: 0}
  m_NavMeshLayer: 0
  m_StaticEditorFlags: 0
  m_IsActive: 1
--- !u!4 &2544980881030580269
Transform:
  m_ObjectHideFlags: 0
  m_CorrespondingSourceObject: {fileID: 0}
  m_PrefabInstance: {fileID: 0}
  m_PrefabAsset: {fileID: 0}
  m_GameObject: {fileID: 5384211636674841404}
  m_LocalRotation: {x: 0.01670785, y: -0.002160177, z: 0.104880005, w: 0.9943422}
  m_LocalPosition: {x: -0.3929395, y: -0.0000016975403, z: -0.0000003814697}
  m_LocalScale: {x: 1.0000001, y: 1.0000001, z: 1.0000002}
  m_Children:
  - {fileID: 2724534664846996322}
  m_Father: {fileID: 6028324128945978335}
  m_RootOrder: 0
  m_LocalEulerAnglesHint: {x: 0, y: 0, z: 0}
--- !u!1 &5474530687126469441
GameObject:
  m_ObjectHideFlags: 0
  m_CorrespondingSourceObject: {fileID: 0}
  m_PrefabInstance: {fileID: 0}
  m_PrefabAsset: {fileID: 0}
  serializedVersion: 6
  m_Component:
  - component: {fileID: 7884610963210149504}
  m_Layer: 0
  m_Name: Base HumanHeadJaw
  m_TagString: Untagged
  m_Icon: {fileID: 0}
  m_NavMeshLayer: 0
  m_StaticEditorFlags: 0
  m_IsActive: 1
--- !u!4 &7884610963210149504
Transform:
  m_ObjectHideFlags: 0
  m_CorrespondingSourceObject: {fileID: 0}
  m_PrefabInstance: {fileID: 0}
  m_PrefabAsset: {fileID: 0}
  m_GameObject: {fileID: 5474530687126469441}
  m_LocalRotation: {x: -5.1867917e-14, y: -0.00000012680312, z: -0.839779, w: 0.5429284}
  m_LocalPosition: {x: 0.012398529, y: 0.05036786, z: -0.000000007605326}
  m_LocalScale: {x: 1, y: 1, z: 1}
  m_Children: []
  m_Father: {fileID: 8642389883508276145}
  m_RootOrder: 0
  m_LocalEulerAnglesHint: {x: 0, y: 0, z: 0}
--- !u!1 &5987308815203031070
GameObject:
  m_ObjectHideFlags: 0
  m_CorrespondingSourceObject: {fileID: 0}
  m_PrefabInstance: {fileID: 0}
  m_PrefabAsset: {fileID: 0}
  serializedVersion: 6
  m_Component:
  - component: {fileID: 5130718376651684807}
  m_Layer: 0
  m_Name: Base HumanRArmCollarbone
  m_TagString: Untagged
  m_Icon: {fileID: 0}
  m_NavMeshLayer: 0
  m_StaticEditorFlags: 0
  m_IsActive: 1
--- !u!4 &5130718376651684807
Transform:
  m_ObjectHideFlags: 0
  m_CorrespondingSourceObject: {fileID: 0}
  m_PrefabInstance: {fileID: 0}
  m_PrefabAsset: {fileID: 0}
  m_GameObject: {fileID: 5987308815203031070}
  m_LocalRotation: {x: -0.048815206, y: -0.7679337, z: 0.21692444, w: 0.6006985}
  m_LocalPosition: {x: 0.0231958, y: 0.01933693, z: -0.053925917}
  m_LocalScale: {x: 1, y: 1, z: 1}
  m_Children:
  - {fileID: 1745493505559569367}
  m_Father: {fileID: 5848546110084850318}
  m_RootOrder: 2
  m_LocalEulerAnglesHint: {x: 0, y: 0, z: 0}
--- !u!1 &6053854418005891855
GameObject:
  m_ObjectHideFlags: 0
  m_CorrespondingSourceObject: {fileID: 0}
  m_PrefabInstance: {fileID: 0}
  m_PrefabAsset: {fileID: 0}
  serializedVersion: 6
  m_Component:
  - component: {fileID: 7684135206653501305}
  m_Layer: 0
  m_Name: Base HumanRArmPalm
  m_TagString: Untagged
  m_Icon: {fileID: 0}
  m_NavMeshLayer: 0
  m_StaticEditorFlags: 0
  m_IsActive: 1
--- !u!4 &7684135206653501305
Transform:
  m_ObjectHideFlags: 0
  m_CorrespondingSourceObject: {fileID: 0}
  m_PrefabInstance: {fileID: 0}
  m_PrefabAsset: {fileID: 0}
  m_GameObject: {fileID: 6053854418005891855}
  m_LocalRotation: {x: 0.8082374, y: -0.106723115, z: 0.1667321, w: 0.55458367}
  m_LocalPosition: {x: -0.27302435, y: 0.000000057220458, z: 0}
  m_LocalScale: {x: 1, y: 1, z: 0.9999999}
  m_Children:
  - {fileID: 8704501155741275374}
  - {fileID: 6834162663434103016}
  - {fileID: 315398904282786018}
  - {fileID: 8698621622195394673}
  - {fileID: 3345332460197436337}
  m_Father: {fileID: 1153802825529336940}
  m_RootOrder: 0
  m_LocalEulerAnglesHint: {x: 0, y: 0, z: 0}
--- !u!1 &6319927582491965828
GameObject:
  m_ObjectHideFlags: 0
  m_CorrespondingSourceObject: {fileID: 0}
  m_PrefabInstance: {fileID: 0}
  m_PrefabAsset: {fileID: 0}
  serializedVersion: 6
  m_Component:
  - component: {fileID: 5456982585074575703}
  m_Layer: 0
  m_Name: Base HumanHeadLEyelid
  m_TagString: Untagged
  m_Icon: {fileID: 0}
  m_NavMeshLayer: 0
  m_StaticEditorFlags: 0
  m_IsActive: 1
--- !u!4 &5456982585074575703
Transform:
  m_ObjectHideFlags: 0
  m_CorrespondingSourceObject: {fileID: 0}
  m_PrefabInstance: {fileID: 0}
  m_PrefabAsset: {fileID: 0}
  m_GameObject: {fileID: 6319927582491965828}
  m_LocalRotation: {x: 2.1622138e-21, y: -0, z: -0, w: 1}
  m_LocalPosition: {x: -0.053126983, y: 0.13199672, z: 0.033060458}
  m_LocalScale: {x: 1, y: 1, z: 1}
  m_Children: []
  m_Father: {fileID: 8642389883508276145}
  m_RootOrder: 1
  m_LocalEulerAnglesHint: {x: 0, y: 0, z: 0}
--- !u!1 &6409830132094455054
GameObject:
  m_ObjectHideFlags: 0
  m_CorrespondingSourceObject: {fileID: 0}
  m_PrefabInstance: {fileID: 0}
  m_PrefabAsset: {fileID: 0}
  serializedVersion: 6
  m_Component:
  - component: {fileID: 3732256034600609142}
  m_Layer: 0
  m_Name: Base HumanLArmDigit21
  m_TagString: Untagged
  m_Icon: {fileID: 0}
  m_NavMeshLayer: 0
  m_StaticEditorFlags: 0
  m_IsActive: 1
--- !u!4 &3732256034600609142
Transform:
  m_ObjectHideFlags: 0
  m_CorrespondingSourceObject: {fileID: 0}
  m_PrefabInstance: {fileID: 0}
  m_PrefabAsset: {fileID: 0}
  m_GameObject: {fileID: 6409830132094455054}
  m_LocalRotation: {x: -0.02976775, y: 0.11945083, z: 0.086115, w: 0.9886504}
  m_LocalPosition: {x: -0.13359664, y: -0.003372879, z: 0.04100296}
  m_LocalScale: {x: 0.9999999, y: 0.99999905, z: 1.0000012}
  m_Children:
  - {fileID: 6946188072007804758}
  m_Father: {fileID: 3790065280102334561}
  m_RootOrder: 1
  m_LocalEulerAnglesHint: {x: 0, y: 0, z: 0}
--- !u!1 &6588618000940334034
GameObject:
  m_ObjectHideFlags: 0
  m_CorrespondingSourceObject: {fileID: 0}
  m_PrefabInstance: {fileID: 0}
  m_PrefabAsset: {fileID: 0}
  serializedVersion: 6
  m_Component:
  - component: {fileID: 8970362050887592399}
  m_Layer: 0
  m_Name: Base HumanNeck
  m_TagString: Untagged
  m_Icon: {fileID: 0}
  m_NavMeshLayer: 0
  m_StaticEditorFlags: 0
  m_IsActive: 1
--- !u!4 &8970362050887592399
Transform:
  m_ObjectHideFlags: 0
  m_CorrespondingSourceObject: {fileID: 0}
  m_PrefabInstance: {fileID: 0}
  m_PrefabAsset: {fileID: 0}
  m_GameObject: {fileID: 6588618000940334034}
  m_LocalRotation: {x: 1.6554034e-14, y: -0.000000030988744, z: -0.2052295, w: 0.97871387}
  m_LocalPosition: {x: -0.00075759884, y: -0.0033361912, z: -0.000000006406999}
  m_LocalScale: {x: 1, y: 1, z: 1}
  m_Children:
  - {fileID: 8642389883508276145}
  m_Father: {fileID: 5848546110084850318}
  m_RootOrder: 1
  m_LocalEulerAnglesHint: {x: 0, y: 0, z: 0}
--- !u!1 &6590677353804704387
GameObject:
  m_ObjectHideFlags: 0
  m_CorrespondingSourceObject: {fileID: 0}
  m_PrefabInstance: {fileID: 0}
  m_PrefabAsset: {fileID: 0}
  serializedVersion: 6
  m_Component:
  - component: {fileID: 5716798246962824696}
  - component: {fileID: 710815772971453198}
  m_Layer: 0
  m_Name: Z_L_LegCalf
  m_TagString: Untagged
  m_Icon: {fileID: 0}
  m_NavMeshLayer: 0
  m_StaticEditorFlags: 0
  m_IsActive: 1
--- !u!4 &5716798246962824696
Transform:
  m_ObjectHideFlags: 0
  m_CorrespondingSourceObject: {fileID: 0}
  m_PrefabInstance: {fileID: 0}
  m_PrefabAsset: {fileID: 0}
  m_GameObject: {fileID: 6590677353804704387}
  m_LocalRotation: {x: -0.7071068, y: 0, z: -0, w: 0.7071068}
  m_LocalPosition: {x: -0, y: 0, z: 0}
  m_LocalScale: {x: 1, y: 1, z: 1}
  m_Children: []
  m_Father: {fileID: 1032798533320799880}
  m_RootOrder: 7
  m_LocalEulerAnglesHint: {x: 0, y: 0, z: 0}
--- !u!137 &710815772971453198
SkinnedMeshRenderer:
  m_ObjectHideFlags: 0
  m_CorrespondingSourceObject: {fileID: 0}
  m_PrefabInstance: {fileID: 0}
  m_PrefabAsset: {fileID: 0}
  m_GameObject: {fileID: 6590677353804704387}
  m_Enabled: 1
  m_CastShadows: 1
  m_ReceiveShadows: 1
  m_DynamicOccludee: 1
  m_MotionVectors: 1
  m_LightProbeUsage: 1
  m_ReflectionProbeUsage: 1
  m_RayTracingMode: 3
  m_RayTraceProcedural: 0
  m_RenderingLayerMask: 1
  m_RendererPriority: 0
  m_Materials:
  - {fileID: 2100000, guid: 9fdb5531bdf185e448dd06dfa8192f8d, type: 2}
  m_StaticBatchInfo:
    firstSubMesh: 0
    subMeshCount: 0
  m_StaticBatchRoot: {fileID: 0}
  m_ProbeAnchor: {fileID: 0}
  m_LightProbeVolumeOverride: {fileID: 0}
  m_ScaleInLightmap: 1
  m_ReceiveGI: 1
  m_PreserveUVs: 0
  m_IgnoreNormalsForChartDetection: 0
  m_ImportantGI: 0
  m_StitchLightmapSeams: 1
  m_SelectedEditorRenderState: 3
  m_MinimumChartSize: 4
  m_AutoUVMaxDistance: 0.5
  m_AutoUVMaxAngle: 89
  m_LightmapParameters: {fileID: 0}
  m_SortingLayerID: 0
  m_SortingLayer: 0
  m_SortingOrder: 0
  serializedVersion: 2
  m_Quality: 0
  m_UpdateWhenOffscreen: 0
  m_SkinnedMotionVectors: 1
  m_Mesh: {fileID: -8854221285555561553, guid: 8f7380da49034cd488ddff94b1ac35d1, type: 3}
  m_Bones:
  - {fileID: 3144766333245535241}
  - {fileID: 6530459860777581757}
  - {fileID: 2296112533597567956}
  - {fileID: 451057241268574893}
  m_BlendShapeWeights: []
  m_RootBone: {fileID: 6530459860777581757}
  m_AABB:
    m_Center: {x: -0.62322485, y: -0.04038827, z: -0.00062325597}
    m_Extent: {x: 0.33801717, y: 0.17106114, z: 0.101461925}
  m_DirtyAABB: 0
--- !u!1 &7031398657416273014
GameObject:
  m_ObjectHideFlags: 0
  m_CorrespondingSourceObject: {fileID: 0}
  m_PrefabInstance: {fileID: 0}
  m_PrefabAsset: {fileID: 0}
  serializedVersion: 6
  m_Component:
  - component: {fileID: 1000700410631317516}
  m_Layer: 0
  m_Name: Base HumanSpine2
  m_TagString: Untagged
  m_Icon: {fileID: 0}
  m_NavMeshLayer: 0
  m_StaticEditorFlags: 0
  m_IsActive: 1
--- !u!4 &1000700410631317516
Transform:
  m_ObjectHideFlags: 0
  m_CorrespondingSourceObject: {fileID: 0}
  m_PrefabInstance: {fileID: 0}
  m_PrefabAsset: {fileID: 0}
  m_GameObject: {fileID: 7031398657416273014}
  m_LocalRotation: {x: -0.000000009705175, y: 0.000000034844813, z: 0.19929291, w: 0.97994}
  m_LocalPosition: {x: -0.23331161, y: -0.000000019073486, z: 0}
  m_LocalScale: {x: 1, y: 0.99999994, z: 1}
  m_Children:
  - {fileID: 5848546110084850318}
  m_Father: {fileID: 5557704250048554280}
  m_RootOrder: 0
  m_LocalEulerAnglesHint: {x: 0, y: 0, z: 0}
--- !u!1 &7669864888093428923
GameObject:
  m_ObjectHideFlags: 0
  m_CorrespondingSourceObject: {fileID: 0}
  m_PrefabInstance: {fileID: 0}
  m_PrefabAsset: {fileID: 0}
  serializedVersion: 6
  m_Component:
  - component: {fileID: 109702241363557323}
  - component: {fileID: 4685969956523874152}
  m_Layer: 0
  m_Name: Z_Body
  m_TagString: Untagged
  m_Icon: {fileID: 0}
  m_NavMeshLayer: 0
  m_StaticEditorFlags: 0
  m_IsActive: 1
--- !u!4 &109702241363557323
Transform:
  m_ObjectHideFlags: 0
  m_CorrespondingSourceObject: {fileID: 0}
  m_PrefabInstance: {fileID: 0}
  m_PrefabAsset: {fileID: 0}
  m_GameObject: {fileID: 7669864888093428923}
  m_LocalRotation: {x: -0.7071068, y: 0, z: -0, w: 0.7071068}
  m_LocalPosition: {x: -0, y: 0, z: 0}
  m_LocalScale: {x: 1, y: 1, z: 1}
  m_Children: []
  m_Father: {fileID: 1032798533320799880}
  m_RootOrder: 1
  m_LocalEulerAnglesHint: {x: 0, y: 0, z: 0}
--- !u!137 &4685969956523874152
SkinnedMeshRenderer:
  m_ObjectHideFlags: 0
  m_CorrespondingSourceObject: {fileID: 0}
  m_PrefabInstance: {fileID: 0}
  m_PrefabAsset: {fileID: 0}
  m_GameObject: {fileID: 7669864888093428923}
  m_Enabled: 1
  m_CastShadows: 1
  m_ReceiveShadows: 1
  m_DynamicOccludee: 1
  m_MotionVectors: 1
  m_LightProbeUsage: 1
  m_ReflectionProbeUsage: 1
  m_RayTracingMode: 3
  m_RayTraceProcedural: 0
  m_RenderingLayerMask: 1
  m_RendererPriority: 0
  m_Materials:
  - {fileID: 2100000, guid: 9fdb5531bdf185e448dd06dfa8192f8d, type: 2}
  m_StaticBatchInfo:
    firstSubMesh: 0
    subMeshCount: 0
  m_StaticBatchRoot: {fileID: 0}
  m_ProbeAnchor: {fileID: 0}
  m_LightProbeVolumeOverride: {fileID: 0}
  m_ScaleInLightmap: 1
  m_ReceiveGI: 1
  m_PreserveUVs: 0
  m_IgnoreNormalsForChartDetection: 0
  m_ImportantGI: 0
  m_StitchLightmapSeams: 1
  m_SelectedEditorRenderState: 3
  m_MinimumChartSize: 4
  m_AutoUVMaxDistance: 0.5
  m_AutoUVMaxAngle: 89
  m_LightmapParameters: {fileID: 0}
  m_SortingLayerID: 0
  m_SortingLayer: 0
  m_SortingOrder: 0
  serializedVersion: 2
  m_Quality: 0
  m_UpdateWhenOffscreen: 0
  m_SkinnedMotionVectors: 1
  m_Mesh: {fileID: -8398760713290625918, guid: 8f7380da49034cd488ddff94b1ac35d1, type: 3}
  m_Bones:
  - {fileID: 5848546110084850318}
  - {fileID: 1000700410631317516}
  - {fileID: 5557704250048554280}
  - {fileID: 3217662065872440883}
  m_BlendShapeWeights: []
  m_RootBone: {fileID: 3217662065872440883}
  m_AABB:
    m_Center: {x: -0.2738102, y: 0.04886008, z: 0.000000022351742}
    m_Extent: {x: 0.19489695, y: 0.16547251, z: 0.15937948}
  m_DirtyAABB: 0
--- !u!1 &7672014793485547973
GameObject:
  m_ObjectHideFlags: 0
  m_CorrespondingSourceObject: {fileID: 0}
  m_PrefabInstance: {fileID: 0}
  m_PrefabAsset: {fileID: 0}
  serializedVersion: 6
  m_Component:
  - component: {fileID: 2409150403390101174}
  m_Layer: 0
  m_Name: Base HumanRDigit11
  m_TagString: Untagged
  m_Icon: {fileID: 0}
  m_NavMeshLayer: 0
  m_StaticEditorFlags: 0
  m_IsActive: 1
--- !u!4 &2409150403390101174
Transform:
  m_ObjectHideFlags: 0
  m_CorrespondingSourceObject: {fileID: 0}
  m_PrefabInstance: {fileID: 0}
  m_PrefabAsset: {fileID: 0}
  m_GameObject: {fileID: 7672014793485547973}
  m_LocalRotation: {x: 0.0041862465, y: 0.040238943, z: -0.11184228, w: 0.99290216}
  m_LocalPosition: {x: -0.17728786, y: -0.03313412, z: -0.005251999}
  m_LocalScale: {x: 0.9999998, y: 0.9999998, z: 0.9999999}
  m_Children: []
  m_Father: {fileID: 2724534664846996322}
  m_RootOrder: 0
  m_LocalEulerAnglesHint: {x: 0, y: 0, z: 0}
--- !u!1 &7761199396226008166
GameObject:
  m_ObjectHideFlags: 0
  m_CorrespondingSourceObject: {fileID: 0}
  m_PrefabInstance: {fileID: 0}
  m_PrefabAsset: {fileID: 0}
  serializedVersion: 6
  m_Component:
  - component: {fileID: 1778630501910822093}
  - component: {fileID: 1738806988059053356}
  m_Layer: 0
  m_Name: Z_L_ArmPalm
  m_TagString: Untagged
  m_Icon: {fileID: 0}
  m_NavMeshLayer: 0
  m_StaticEditorFlags: 0
  m_IsActive: 1
--- !u!4 &1778630501910822093
Transform:
  m_ObjectHideFlags: 0
  m_CorrespondingSourceObject: {fileID: 0}
  m_PrefabInstance: {fileID: 0}
  m_PrefabAsset: {fileID: 0}
  m_GameObject: {fileID: 7761199396226008166}
  m_LocalRotation: {x: -0.7071068, y: 0, z: -0, w: 0.7071068}
  m_LocalPosition: {x: -0, y: 0, z: 0}
  m_LocalScale: {x: 1, y: 1, z: 1}
  m_Children: []
  m_Father: {fileID: 1032798533320799880}
  m_RootOrder: 5
  m_LocalEulerAnglesHint: {x: 0, y: 0, z: 0}
--- !u!137 &1738806988059053356
SkinnedMeshRenderer:
  m_ObjectHideFlags: 0
  m_CorrespondingSourceObject: {fileID: 0}
  m_PrefabInstance: {fileID: 0}
  m_PrefabAsset: {fileID: 0}
  m_GameObject: {fileID: 7761199396226008166}
  m_Enabled: 1
  m_CastShadows: 1
  m_ReceiveShadows: 1
  m_DynamicOccludee: 1
  m_MotionVectors: 1
  m_LightProbeUsage: 1
  m_ReflectionProbeUsage: 1
  m_RayTracingMode: 3
  m_RayTraceProcedural: 0
  m_RenderingLayerMask: 1
  m_RendererPriority: 0
  m_Materials:
  - {fileID: 2100000, guid: 9fdb5531bdf185e448dd06dfa8192f8d, type: 2}
  m_StaticBatchInfo:
    firstSubMesh: 0
    subMeshCount: 0
  m_StaticBatchRoot: {fileID: 0}
  m_ProbeAnchor: {fileID: 0}
  m_LightProbeVolumeOverride: {fileID: 0}
  m_ScaleInLightmap: 1
  m_ReceiveGI: 1
  m_PreserveUVs: 0
  m_IgnoreNormalsForChartDetection: 0
  m_ImportantGI: 0
  m_StitchLightmapSeams: 1
  m_SelectedEditorRenderState: 3
  m_MinimumChartSize: 4
  m_AutoUVMaxDistance: 0.5
  m_AutoUVMaxAngle: 89
  m_LightmapParameters: {fileID: 0}
  m_SortingLayerID: 0
  m_SortingLayer: 0
  m_SortingOrder: 0
  serializedVersion: 2
  m_Quality: 0
  m_UpdateWhenOffscreen: 0
  m_SkinnedMotionVectors: 1
  m_Mesh: {fileID: -4735216759056748791, guid: 8f7380da49034cd488ddff94b1ac35d1, type: 3}
  m_Bones:
  - {fileID: 3534839289159003256}
  - {fileID: 3790065280102334561}
  - {fileID: 935494402442550653}
  - {fileID: 7756812575436940293}
  - {fileID: 3732256034600609142}
  - {fileID: 6946188072007804758}
  - {fileID: 7476699355417774851}
  - {fileID: 7578666681768740045}
  - {fileID: 5441428186677700826}
  - {fileID: 6866290158028837888}
  - {fileID: 5151326491886599305}
  - {fileID: 472899351239753054}
  - {fileID: 5925345337039768412}
  - {fileID: 4296108813880444935}
  - {fileID: 3106978684291269927}
  - {fileID: 5829216195077491913}
  m_BlendShapeWeights: []
  m_RootBone: {fileID: 3534839289159003256}
  m_AABB:
    m_Center: {x: -0.3393401, y: 0.022504646, z: 0.030085474}
    m_Extent: {x: 0.13558769, y: 0.08463068, z: 0.083342224}
  m_DirtyAABB: 0
--- !u!1 &7980701235802382508
GameObject:
  m_ObjectHideFlags: 0
  m_CorrespondingSourceObject: {fileID: 0}
  m_PrefabInstance: {fileID: 0}
  m_PrefabAsset: {fileID: 0}
  serializedVersion: 6
  m_Component:
  - component: {fileID: 5557704250048554280}
  m_Layer: 0
  m_Name: Base HumanSpine1
  m_TagString: Untagged
  m_Icon: {fileID: 0}
  m_NavMeshLayer: 0
  m_StaticEditorFlags: 0
  m_IsActive: 1
--- !u!4 &5557704250048554280
Transform:
  m_ObjectHideFlags: 0
  m_CorrespondingSourceObject: {fileID: 0}
  m_PrefabInstance: {fileID: 0}
  m_PrefabAsset: {fileID: 0}
  m_GameObject: {fileID: 7980701235802382508}
  m_LocalRotation: {x: 0.000000015619483, y: -0.00000005454135, z: -0.11446538, w: 0.9934272}
  m_LocalPosition: {x: -0.043604355, y: -0.0033361912, z: -0.000000008279867}
  m_LocalScale: {x: 1.0000005, y: 1.0000005, z: 1}
  m_Children:
  - {fileID: 1000700410631317516}
  m_Father: {fileID: 3217662065872440883}
  m_RootOrder: 2
  m_LocalEulerAnglesHint: {x: 0, y: 0, z: 0}
--- !u!1 &7986285269121886481
GameObject:
  m_ObjectHideFlags: 0
  m_CorrespondingSourceObject: {fileID: 0}
  m_PrefabInstance: {fileID: 0}
  m_PrefabAsset: {fileID: 0}
  serializedVersion: 6
  m_Component:
  - component: {fileID: 5131940712406500081}
  m_Layer: 0
  m_Name: Base HumanLArmUpperarm
  m_TagString: Untagged
  m_Icon: {fileID: 0}
  m_NavMeshLayer: 0
  m_StaticEditorFlags: 0
  m_IsActive: 1
--- !u!4 &5131940712406500081
Transform:
  m_ObjectHideFlags: 0
  m_CorrespondingSourceObject: {fileID: 0}
  m_PrefabInstance: {fileID: 0}
  m_PrefabAsset: {fileID: 0}
  m_GameObject: {fileID: 7986285269121886481}
  m_LocalRotation: {x: 0.18852547, y: 0.1986234, z: -0.07134886, w: 0.95912266}
  m_LocalPosition: {x: -0.13715954, y: -0.000000076293944, z: 0.00000015258789}
  m_LocalScale: {x: 1.0000002, y: 1.0000001, z: 0.99999964}
  m_Children:
  - {fileID: 3534839289159003256}
  m_Father: {fileID: 2651375026656622143}
  m_RootOrder: 0
  m_LocalEulerAnglesHint: {x: 0, y: 0, z: 0}
--- !u!1 &8056781478513699621
GameObject:
  m_ObjectHideFlags: 0
  m_CorrespondingSourceObject: {fileID: 0}
  m_PrefabInstance: {fileID: 0}
  m_PrefabAsset: {fileID: 0}
  serializedVersion: 6
  m_Component:
  - component: {fileID: 2510007926798559952}
  m_Layer: 0
  m_Name: Base HumanRArmDigit22
  m_TagString: Untagged
  m_Icon: {fileID: 0}
  m_NavMeshLayer: 0
  m_StaticEditorFlags: 0
  m_IsActive: 1
--- !u!4 &2510007926798559952
Transform:
  m_ObjectHideFlags: 0
  m_CorrespondingSourceObject: {fileID: 0}
  m_PrefabInstance: {fileID: 0}
  m_PrefabAsset: {fileID: 0}
  m_GameObject: {fileID: 8056781478513699621}
  m_LocalRotation: {x: 0.000880634, y: 0.0047823167, z: 0.23429032, w: 0.9721545}
  m_LocalPosition: {x: -0.02699459, y: -0.00000015258789, z: -0.000000076293944}
  m_LocalScale: {x: 1.0000032, y: 0.9999982, z: 0.9999986}
  m_Children:
  - {fileID: 226919321127711352}
  m_Father: {fileID: 6834162663434103016}
  m_RootOrder: 0
  m_LocalEulerAnglesHint: {x: 0, y: 0, z: 0}
--- !u!1 &8177683002486245812
GameObject:
  m_ObjectHideFlags: 0
  m_CorrespondingSourceObject: {fileID: 0}
  m_PrefabInstance: {fileID: 0}
  m_PrefabAsset: {fileID: 0}
  serializedVersion: 6
  m_Component:
  - component: {fileID: 5848546110084850318}
  m_Layer: 0
  m_Name: Base HumanRibcage
  m_TagString: Untagged
  m_Icon: {fileID: 0}
  m_NavMeshLayer: 0
  m_StaticEditorFlags: 0
  m_IsActive: 1
--- !u!4 &5848546110084850318
Transform:
  m_ObjectHideFlags: 0
  m_CorrespondingSourceObject: {fileID: 0}
  m_PrefabInstance: {fileID: 0}
  m_PrefabAsset: {fileID: 0}
  m_GameObject: {fileID: 8177683002486245812}
  m_LocalRotation: {x: -0.0000000033967322, y: 0.0000000025384557, z: -0.08755168, w: 0.99616003}
  m_LocalPosition: {x: -0.3590065, y: 0, z: 0}
  m_LocalScale: {x: 0.9999996, y: 0.9999996, z: 1}
  m_Children:
  - {fileID: 2651375026656622143}
  - {fileID: 8970362050887592399}
  - {fileID: 5130718376651684807}
  m_Father: {fileID: 1000700410631317516}
  m_RootOrder: 0
  m_LocalEulerAnglesHint: {x: 0, y: 0, z: 0}
--- !u!1 &8312315610874625919
GameObject:
  m_ObjectHideFlags: 0
  m_CorrespondingSourceObject: {fileID: 0}
  m_PrefabInstance: {fileID: 0}
  m_PrefabAsset: {fileID: 0}
  serializedVersion: 6
  m_Component:
  - component: {fileID: 8766551927980509969}
  m_Layer: 0
  m_Name: Base HumanRArmDigit43
  m_TagString: Untagged
  m_Icon: {fileID: 0}
  m_NavMeshLayer: 0
  m_StaticEditorFlags: 0
  m_IsActive: 1
--- !u!4 &8766551927980509969
Transform:
  m_ObjectHideFlags: 0
  m_CorrespondingSourceObject: {fileID: 0}
  m_PrefabInstance: {fileID: 0}
  m_PrefabAsset: {fileID: 0}
  m_GameObject: {fileID: 8312315610874625919}
  m_LocalRotation: {x: 0.00000070638083, y: -0.000004765312, z: 0.4744585, w: 0.8802779}
  m_LocalPosition: {x: -0.023676148, y: 0, z: -0.000000114440915}
  m_LocalScale: {x: 1.0000013, y: 0.99999774, z: 1.0000008}
  m_Children: []
  m_Father: {fileID: 2075012320700302513}
  m_RootOrder: 0
  m_LocalEulerAnglesHint: {x: 0, y: 0, z: 0}
--- !u!1 &8369444086982104384
GameObject:
  m_ObjectHideFlags: 0
  m_CorrespondingSourceObject: {fileID: 0}
  m_PrefabInstance: {fileID: 0}
  m_PrefabAsset: {fileID: 0}
  serializedVersion: 6
  m_Component:
  - component: {fileID: 5151326491886599305}
  m_Layer: 0
  m_Name: Base HumanLArmDigit41
  m_TagString: Untagged
  m_Icon: {fileID: 0}
  m_NavMeshLayer: 0
  m_StaticEditorFlags: 0
  m_IsActive: 1
--- !u!4 &5151326491886599305
Transform:
  m_ObjectHideFlags: 0
  m_CorrespondingSourceObject: {fileID: 0}
  m_PrefabInstance: {fileID: 0}
  m_PrefabAsset: {fileID: 0}
  m_GameObject: {fileID: 8369444086982104384}
  m_LocalRotation: {x: 0.030182919, y: -0.12396646, z: -0.25285032, w: 0.95905584}
  m_LocalPosition: {x: -0.13421917, y: -0.0000003814697, z: -0.015077629}
  m_LocalScale: {x: 0.99999887, y: 1.0000021, z: 0.99999905}
  m_Children:
  - {fileID: 472899351239753054}
  m_Father: {fileID: 3790065280102334561}
  m_RootOrder: 3
  m_LocalEulerAnglesHint: {x: 0, y: 0, z: 0}
--- !u!1 &8404873515614029294
GameObject:
  m_ObjectHideFlags: 0
  m_CorrespondingSourceObject: {fileID: 0}
  m_PrefabInstance: {fileID: 0}
  m_PrefabAsset: {fileID: 0}
  serializedVersion: 6
  m_Component:
  - component: {fileID: 451057241268574893}
  m_Layer: 0
  m_Name: Base HumanLLegDigit11
  m_TagString: Untagged
  m_Icon: {fileID: 0}
  m_NavMeshLayer: 0
  m_StaticEditorFlags: 0
  m_IsActive: 1
--- !u!4 &451057241268574893
Transform:
  m_ObjectHideFlags: 0
  m_CorrespondingSourceObject: {fileID: 0}
  m_PrefabInstance: {fileID: 0}
  m_PrefabAsset: {fileID: 0}
  m_GameObject: {fileID: 8404873515614029294}
  m_LocalRotation: {x: -0.00422228, y: -0.039900295, z: -0.11178808, w: 0.9929217}
  m_LocalPosition: {x: -0.17728785, y: -0.033134125, z: 0.00525198}
  m_LocalScale: {x: 1.0000001, y: 1.0000001, z: 1.0000001}
  m_Children: []
  m_Father: {fileID: 2296112533597567956}
  m_RootOrder: 0
  m_LocalEulerAnglesHint: {x: 0, y: 0, z: 0}
--- !u!1 &8511823111110632304
GameObject:
  m_ObjectHideFlags: 0
  m_CorrespondingSourceObject: {fileID: 0}
  m_PrefabInstance: {fileID: 0}
  m_PrefabAsset: {fileID: 0}
  serializedVersion: 6
  m_Component:
  - component: {fileID: 196409861608170462}
  - component: {fileID: 9068697294985189141}
  m_Layer: 0
  m_Name: Z_R_ArmPalm
  m_TagString: Untagged
  m_Icon: {fileID: 0}
  m_NavMeshLayer: 0
  m_StaticEditorFlags: 0
  m_IsActive: 1
--- !u!4 &196409861608170462
Transform:
  m_ObjectHideFlags: 0
  m_CorrespondingSourceObject: {fileID: 0}
  m_PrefabInstance: {fileID: 0}
  m_PrefabAsset: {fileID: 0}
  m_GameObject: {fileID: 8511823111110632304}
  m_LocalRotation: {x: -0.7071068, y: 0, z: -0, w: 0.7071068}
  m_LocalPosition: {x: -0, y: 0, z: 0}
  m_LocalScale: {x: 1, y: 1, z: 1}
  m_Children: []
  m_Father: {fileID: 1032798533320799880}
  m_RootOrder: 10
  m_LocalEulerAnglesHint: {x: 0, y: 0, z: 0}
--- !u!137 &9068697294985189141
SkinnedMeshRenderer:
  m_ObjectHideFlags: 0
  m_CorrespondingSourceObject: {fileID: 0}
  m_PrefabInstance: {fileID: 0}
  m_PrefabAsset: {fileID: 0}
  m_GameObject: {fileID: 8511823111110632304}
  m_Enabled: 1
  m_CastShadows: 1
  m_ReceiveShadows: 1
  m_DynamicOccludee: 1
  m_MotionVectors: 1
  m_LightProbeUsage: 1
  m_ReflectionProbeUsage: 1
  m_RayTracingMode: 3
  m_RayTraceProcedural: 0
  m_RenderingLayerMask: 1
  m_RendererPriority: 0
  m_Materials:
  - {fileID: 2100000, guid: 9fdb5531bdf185e448dd06dfa8192f8d, type: 2}
  m_StaticBatchInfo:
    firstSubMesh: 0
    subMeshCount: 0
  m_StaticBatchRoot: {fileID: 0}
  m_ProbeAnchor: {fileID: 0}
  m_LightProbeVolumeOverride: {fileID: 0}
  m_ScaleInLightmap: 1
  m_ReceiveGI: 1
  m_PreserveUVs: 0
  m_IgnoreNormalsForChartDetection: 0
  m_ImportantGI: 0
  m_StitchLightmapSeams: 1
  m_SelectedEditorRenderState: 3
  m_MinimumChartSize: 4
  m_AutoUVMaxDistance: 0.5
  m_AutoUVMaxAngle: 89
  m_LightmapParameters: {fileID: 0}
  m_SortingLayerID: 0
  m_SortingLayer: 0
  m_SortingOrder: 0
  serializedVersion: 2
  m_Quality: 0
  m_UpdateWhenOffscreen: 0
  m_SkinnedMotionVectors: 1
  m_Mesh: {fileID: 8977240297018112714, guid: 8f7380da49034cd488ddff94b1ac35d1, type: 3}
  m_Bones:
  - {fileID: 1153802825529336940}
  - {fileID: 7684135206653501305}
  - {fileID: 8704501155741275374}
  - {fileID: 5689297099461765142}
  - {fileID: 6834162663434103016}
  - {fileID: 2510007926798559952}
  - {fileID: 226919321127711352}
  - {fileID: 315398904282786018}
  - {fileID: 9001486382699449451}
  - {fileID: 4122855238226353655}
  - {fileID: 8698621622195394673}
  - {fileID: 2075012320700302513}
  - {fileID: 8766551927980509969}
  - {fileID: 3345332460197436337}
  - {fileID: 327351128552829358}
  - {fileID: 4202558646758238604}
  m_BlendShapeWeights: []
  m_RootBone: {fileID: 1153802825529336940}
  m_AABB:
    m_Center: {x: -0.3393405, y: 0.022505248, z: -0.030084394}
    m_Extent: {x: 0.13558848, y: 0.0846305, z: 0.08334193}
  m_DirtyAABB: 0
--- !u!1 &8567523889722378882
GameObject:
  m_ObjectHideFlags: 0
  m_CorrespondingSourceObject: {fileID: 0}
  m_PrefabInstance: {fileID: 0}
  m_PrefabAsset: {fileID: 0}
  serializedVersion: 6
  m_Component:
  - component: {fileID: 6192883014647505434}
  - component: {fileID: 5044097896672361677}
  m_Layer: 0
  m_Name: Z_BodyTop
  m_TagString: Untagged
  m_Icon: {fileID: 0}
  m_NavMeshLayer: 0
  m_StaticEditorFlags: 0
  m_IsActive: 1
--- !u!4 &6192883014647505434
Transform:
  m_ObjectHideFlags: 0
  m_CorrespondingSourceObject: {fileID: 0}
  m_PrefabInstance: {fileID: 0}
  m_PrefabAsset: {fileID: 0}
  m_GameObject: {fileID: 8567523889722378882}
  m_LocalRotation: {x: -0.7071068, y: 0, z: -0, w: 0.7071068}
  m_LocalPosition: {x: -0, y: 0, z: 0}
  m_LocalScale: {x: 1, y: 1, z: 1}
  m_Children: []
  m_Father: {fileID: 1032798533320799880}
  m_RootOrder: 2
  m_LocalEulerAnglesHint: {x: 0, y: 0, z: 0}
--- !u!137 &5044097896672361677
SkinnedMeshRenderer:
  m_ObjectHideFlags: 0
  m_CorrespondingSourceObject: {fileID: 0}
  m_PrefabInstance: {fileID: 0}
  m_PrefabAsset: {fileID: 0}
  m_GameObject: {fileID: 8567523889722378882}
  m_Enabled: 1
  m_CastShadows: 1
  m_ReceiveShadows: 1
  m_DynamicOccludee: 1
  m_MotionVectors: 1
  m_LightProbeUsage: 1
  m_ReflectionProbeUsage: 1
  m_RayTracingMode: 3
  m_RayTraceProcedural: 0
  m_RenderingLayerMask: 1
  m_RendererPriority: 0
  m_Materials:
  - {fileID: 2100000, guid: 9fdb5531bdf185e448dd06dfa8192f8d, type: 2}
  m_StaticBatchInfo:
    firstSubMesh: 0
    subMeshCount: 0
  m_StaticBatchRoot: {fileID: 0}
  m_ProbeAnchor: {fileID: 0}
  m_LightProbeVolumeOverride: {fileID: 0}
  m_ScaleInLightmap: 1
  m_ReceiveGI: 1
  m_PreserveUVs: 0
  m_IgnoreNormalsForChartDetection: 0
  m_ImportantGI: 0
  m_StitchLightmapSeams: 1
  m_SelectedEditorRenderState: 3
  m_MinimumChartSize: 4
  m_AutoUVMaxDistance: 0.5
  m_AutoUVMaxAngle: 89
  m_LightmapParameters: {fileID: 0}
  m_SortingLayerID: 0
  m_SortingLayer: 0
  m_SortingOrder: 0
  serializedVersion: 2
  m_Quality: 0
  m_UpdateWhenOffscreen: 0
  m_SkinnedMotionVectors: 1
  m_Mesh: {fileID: 270534361062311972, guid: 8f7380da49034cd488ddff94b1ac35d1, type: 3}
  m_Bones:
  - {fileID: 5848546110084850318}
  - {fileID: 8970362050887592399}
  - {fileID: 8642389883508276145}
  - {fileID: 2651375026656622143}
  - {fileID: 5131940712406500081}
  - {fileID: 1000700410631317516}
  - {fileID: 5130718376651684807}
  - {fileID: 1745493505559569367}
  - {fileID: 7884610963210149504}
  m_BlendShapeWeights: []
  m_RootBone: {fileID: 1000700410631317516}
  m_AABB:
    m_Center: {x: -0.23468512, y: -0.0029639155, z: -0.000000029802322}
    m_Extent: {x: 0.22150296, y: 0.16935377, z: 0.28016195}
  m_DirtyAABB: 0
--- !u!1 &8790740640657875609
GameObject:
  m_ObjectHideFlags: 0
  m_CorrespondingSourceObject: {fileID: 0}
  m_PrefabInstance: {fileID: 0}
  m_PrefabAsset: {fileID: 0}
  serializedVersion: 6
  m_Component:
  - component: {fileID: 6405049897269008042}
  m_Layer: 0
  m_Name: Base HumanLEye
  m_TagString: Untagged
  m_Icon: {fileID: 0}
  m_NavMeshLayer: 0
  m_StaticEditorFlags: 0
  m_IsActive: 1
--- !u!4 &6405049897269008042
Transform:
  m_ObjectHideFlags: 0
  m_CorrespondingSourceObject: {fileID: 0}
  m_PrefabInstance: {fileID: 0}
  m_PrefabAsset: {fileID: 0}
  m_GameObject: {fileID: 8790740640657875609}
  m_LocalRotation: {x: 2.1622138e-21, y: -0, z: -0, w: 1}
  m_LocalPosition: {x: -0.048573304, y: 0.101215295, z: 0.033374302}
  m_LocalScale: {x: 1, y: 1, z: 1}
  m_Children: []
  m_Father: {fileID: 8642389883508276145}
  m_RootOrder: 4
  m_LocalEulerAnglesHint: {x: 0, y: 0, z: 0}
--- !u!1 &8842455419082212291
GameObject:
  m_ObjectHideFlags: 0
  m_CorrespondingSourceObject: {fileID: 0}
  m_PrefabInstance: {fileID: 0}
  m_PrefabAsset: {fileID: 0}
  serializedVersion: 6
  m_Component:
  - component: {fileID: 5829216195077491913}
  m_Layer: 0
  m_Name: Base HumanLArmDigit53
  m_TagString: Untagged
  m_Icon: {fileID: 0}
  m_NavMeshLayer: 0
  m_StaticEditorFlags: 0
  m_IsActive: 1
--- !u!4 &5829216195077491913
Transform:
  m_ObjectHideFlags: 0
  m_CorrespondingSourceObject: {fileID: 0}
  m_PrefabInstance: {fileID: 0}
  m_PrefabAsset: {fileID: 0}
  m_GameObject: {fileID: 8842455419082212291}
  m_LocalRotation: {x: -0.003029223, y: -0.012582052, z: 0.22767104, w: 0.9736521}
  m_LocalPosition: {x: -0.020229872, y: 0.000000076293944, z: 0.000000019073486}
  m_LocalScale: {x: 1.0000029, y: 0.99999857, z: 0.99999833}
  m_Children: []
  m_Father: {fileID: 3106978684291269927}
  m_RootOrder: 0
  m_LocalEulerAnglesHint: {x: 0, y: 0, z: 0}
--- !u!1 &9148543443116140420
GameObject:
  m_ObjectHideFlags: 0
  m_CorrespondingSourceObject: {fileID: 0}
  m_PrefabInstance: {fileID: 0}
  m_PrefabAsset: {fileID: 0}
  serializedVersion: 6
  m_Component:
  - component: {fileID: 7476699355417774851}
  m_Layer: 0
  m_Name: Base HumanLArmDigit23
  m_TagString: Untagged
  m_Icon: {fileID: 0}
  m_NavMeshLayer: 0
  m_StaticEditorFlags: 0
  m_IsActive: 1
--- !u!4 &7476699355417774851
Transform:
  m_ObjectHideFlags: 0
  m_CorrespondingSourceObject: {fileID: 0}
  m_PrefabInstance: {fileID: 0}
  m_PrefabAsset: {fileID: 0}
  m_GameObject: {fileID: 9148543443116140420}
  m_LocalRotation: {x: -0.0000021718295, y: -0.0000017235275, z: 0.18919367, w: 0.9819398}
  m_LocalPosition: {x: -0.02548172, y: 0, z: 0}
  m_LocalScale: {x: 0.9999969, y: 1.0000021, z: 1.0000012}
  m_Children: []
  m_Father: {fileID: 6946188072007804758}
  m_RootOrder: 0
  m_LocalEulerAnglesHint: {x: 0, y: 0, z: 0}
